<?xml version="1.0" encoding="UTF-8"?>
<!DOCTYPE html PUBLIC "-//W3C//DTD XHTML 1.0 Transitional//EN"
    "http://www.w3.org/TR/xhtml1/DTD/xhtml1-transitional.dtd">
<html xmlns="http://www.w3.org/1999/xhtml" xml:lang="en" lang="en">
 <head>
  <title>
</title>
<meta http-equiv="Content-Type" content="text/html;charset=utf-8" />
  <meta name='ocr-system' content='tesseract 3.04.00' />
  <meta name='ocr-capabilities' content='ocr_page ocr_carea ocr_par ocr_line ocrx_word'/>
</head>
<body>
  <div class='ocr_page' id='page_1' title='image "./colluthilycopol01collgoog_0079.png"; bbox 0 0 2880 4604; ppageno 0'>
   <div class='ocr_carea' id='block_1_1' title="bbox 609 281 819 341">
    <p class='ocr_par' dir='ltr' id='par_1_1' title="bbox 609 281 819 341">
     <span class='ocr_line' id='line_1_1' title="bbox 609 281 819 341; baseline 0.005 -16"><span class='ocrx_word' id='word_1_1' title='bbox 609 281 819 341; x_wconf 71' lang='lat'>..76-</span> 
     </span>
    </p>
   </div>
   <div class='ocr_carea' id='block_1_2' title="bbox 152 461 1277 3143">
    <p class='ocr_par' dir='ltr' id='par_1_2' title="bbox 152 461 1277 3143">
     <span class='ocr_line' id='line_1_2' title="bbox 154 461 1276 537; baseline 0.003 -18"><span class='ocrx_word' id='word_1_2' title='bbox 154 462 301 534; x_wconf 91' lang='lat' dir='ltr'>couvenit;</span> <span class='ocrx_word' id='word_1_3' title='bbox 330 479 422 535; x_wconf 90' lang='lat' dir='ltr'>neque</span> <span class='ocrx_word' id='word_1_4' title='bbox 443 462 601 532; x_wconf 88' lang='lat' dir='ltr'>ferendum,</span> <span class='ocrx_word' id='word_1_5' title='bbox 622 465 698 536; x_wconf 91' lang='lat' dir='ltr'>quod</span> <span class='ocrx_word' id='word_1_6' title='bbox 719 465 841 524; x_wconf 90' lang='lat' dir='ltr'>coniecit</span> <span class='ocrx_word' id='word_1_7' title='bbox 861 464 988 537; x_wconf 88' lang='lat' dir='ltr'>Lennep.</span> <span class='ocrx_word' id='word_1_8' title='bbox 1009 461 1123 536; x_wconf 78' lang='grc' dir='ltr'><em>ἐκεῖναι,</em></span> <span class='ocrx_word' id='word_1_9' title='bbox 1146 465 1214 536; x_wconf 88' lang='lat' dir='ltr'>quia</span> <span class='ocrx_word' id='word_1_10' title='bbox 1234 466 1276 522; x_wconf 93' lang='lat' dir='ltr'>sic</span> 
     </span>
     <span class='ocr_line' id='line_1_3' title="bbox 155 553 1275 631; baseline 0.004 -20"><span class='ocrx_word' id='word_1_11' title='bbox 155 573 180 611; x_wconf 95' lang='lat' dir='ltr'>v.</span> <span class='ocrx_word' id='word_1_12' title='bbox 198 562 251 615; x_wconf 87' lang='lat'>188</span> <span class='ocrx_word' id='word_1_13' title='bbox 273 572 386 615; x_wconf 91' lang='lat' dir='ltr'>sensum</span> <span class='ocrx_word' id='word_1_14' title='bbox 400 574 457 615; x_wconf 92' lang='lat' dir='ltr'>nou</span> <span class='ocrx_word' id='word_1_15' title='bbox 470 557 567 615; x_wconf 88' lang='lat' dir='ltr'>habet.</span> <span class='ocrx_word' id='word_1_16' title='bbox 600 560 699 629; x_wconf 89' lang='lat' dir='ltr'>ltaque</span> <span class='ocrx_word' id='word_1_17' title='bbox 716 560 828 617; x_wconf 93' lang='lat' dir='ltr'>omniuo</span> <span class='ocrx_word' id='word_1_18' title='bbox 849 574 945 615; x_wconf 86' lang='lat' dir='ltr'>verum</span> <span class='ocrx_word' id='word_1_19' title='bbox 967 564 1011 615; x_wconf 89' lang='lat' dir='ltr'>est</span> <span class='ocrx_word' id='word_1_20' title='bbox 1026 553 1146 631; x_wconf 71' lang='grc' dir='ltr'><em>Ἀθῆναι,</em></span> <span class='ocrx_word' id='word_1_21' title='bbox 1167 574 1223 615; x_wconf 95' lang='lat' dir='ltr'>non</span> <span class='ocrx_word' id='word_1_22' title='bbox 1239 558 1275 616; x_wconf 89' lang='lat' dir='ltr'>de</span> 
     </span>
     <span class='ocr_line' id='line_1_4' title="bbox 157 648 1275 722; baseline 0.004 -17"><span class='ocrx_word' id='word_1_23' title='bbox 157 648 296 706; x_wconf 89' lang='lat' dir='ltr'>Minervis</span> <span class='ocrx_word' id='word_1_24' title='bbox 322 649 465 722; x_wconf 88' lang='lat' dir='ltr'>pluribus,</span> <span class='ocrx_word' id='word_1_25' title='bbox 490 651 566 722; x_wconf 93' lang='lat' dir='ltr'>quod</span> <span class='ocrx_word' id='word_1_26' title='bbox 591 651 619 707; x_wconf 93' lang='lat' dir='ltr'>in</span> <span class='ocrx_word' id='word_1_27' title='bbox 639 652 694 708; x_wconf 88' lang='lat' dir='ltr'>hac</span> <span class='ocrx_word' id='word_1_28' title='bbox 713 651 751 709; x_wconf 91' lang='lat' dir='ltr'>ad</span> <span class='ocrx_word' id='word_1_29' title='bbox 770 651 930 708; x_wconf 88' lang='lat' dir='ltr'>Minervam</span> <span class='ocrx_word' id='word_1_30' title='bbox 950 652 1080 710; x_wconf 88' lang='lat' dir='ltr'>oratione</span> <span class='ocrx_word' id='word_1_31' title='bbox 1101 651 1275 710; x_wconf 86' lang='lat' dir='ltr'>absurdissi-</span> 
     </span>
     <span class='ocr_line' id='line_1_5' title="bbox 156 743 1275 824; baseline 0.003 -26"><span class='ocrx_word' id='word_1_32' title='bbox 156 757 232 798; x_wconf 92' lang='lat' dir='ltr'>mum</span> <span class='ocrx_word' id='word_1_33' title='bbox 254 743 322 811; x_wconf 88' lang='lat' dir='ltr'>(etsi</span> <span class='ocrx_word' id='word_1_34' title='bbox 342 743 495 814; x_wconf 87' lang='lat' dir='ltr'>aliquando</span> <span class='ocrx_word' id='word_1_35' title='bbox 518 745 655 802; x_wconf 91' lang='lat' dir='ltr'>eiusmodi</span> <span class='ocrx_word' id='word_1_36' title='bbox 681 747 794 803; x_wconf 89' lang='lat' dir='ltr'>uomina</span> <span class='ocrx_word' id='word_1_37' title='bbox 819 746 937 818; x_wconf 86' lang='lat' dir='ltr'>propria</span> <span class='ocrx_word' id='word_1_38' title='bbox 963 746 1069 817; x_wconf 83' lang='lat' dir='ltr'>plurali</span> <span class='ocrx_word' id='word_1_39' title='bbox 1092 761 1213 824; x_wconf 87' lang='lat' dir='ltr'>numero</span> <span class='ocrx_word' id='word_1_40' title='bbox 1233 743 1275 802; x_wconf 93' lang='lat' dir='ltr'>di-</span> 
     </span>
     <span class='ocr_line' id='line_1_6' title="bbox 154 835 1275 910; baseline 0.001 -17"><span class='ocrx_word' id='word_1_41' title='bbox 154 839 285 905; x_wconf 90' lang='lat' dir='ltr'>cuntur);</span> <span class='ocrx_word' id='word_1_42' title='bbox 316 835 368 894; x_wconf 91' lang='lat' dir='ltr'>sed</span> <span class='ocrx_word' id='word_1_43' title='bbox 392 835 429 892; x_wconf 88' lang='lat' dir='ltr'>de</span> <span class='ocrx_word' id='word_1_44' title='bbox 455 837 542 894; x_wconf 91' lang='lat' dir='ltr'>urbe</span> <span class='ocrx_word' id='word_1_45' title='bbox 569 838 797 896; x_wconf 75' lang='lat' dir='ltr'><strong>Athenarum.</strong></span> <span class='ocrx_word' id='word_1_46' title='bbox 841 837 917 897; x_wconf 87' lang='lat' dir='ltr'>Urbs</span> <span class='ocrx_word' id='word_1_47' title='bbox 943 844 1038 897; x_wconf 88' lang='lat' dir='ltr'>autem</span> <span class='ocrx_word' id='word_1_48' title='bbox 1069 855 1133 897; x_wconf 90' lang='lat' dir='ltr'>cum</span> <span class='ocrx_word' id='word_1_49' title='bbox 1159 838 1275 910; x_wconf 87' lang='lat' dir='ltr'>dicitur,</span> 
     </span>
     <span class='ocr_line' id='line_1_7' title="bbox 155 928 1275 1004; baseline 0.004 -19"><span class='ocrx_word' id='word_1_50' title='bbox 155 928 355 1000; x_wconf 85' lang='lat' dir='ltr'>intelliguntur</span> <span class='ocrx_word' id='word_1_51' title='bbox 375 929 508 990; x_wconf 77' lang='lat' dir='ltr'>incolae..</span> <span class='ocrx_word' id='word_1_52' title='bbox 529 931 651 988; x_wconf 88' lang='lat' dir='ltr'>Vellicat</span> <span class='ocrx_word' id='word_1_53' title='bbox 664 932 762 1002; x_wconf 88' lang='lat' dir='ltr'>itaque</span> <span class='ocrx_word' id='word_1_54' title='bbox 776 931 934 989; x_wconf 86' lang='lat' dir='ltr'>Minervam</span> <span class='ocrx_word' id='word_1_55' title='bbox 954 931 1051 989; x_wconf 86' lang='lat' dir='ltr'>Venus</span> <span class='ocrx_word' id='word_1_56' title='bbox 1070 933 1120 1004; x_wconf 87' lang='lat' dir='ltr'>ita,</span> <span class='ocrx_word' id='word_1_57' title='bbox 1141 937 1174 990; x_wconf 90' lang='lat' dir='ltr'>ut</span> <span class='ocrx_word' id='word_1_58' title='bbox 1187 931 1275 990; x_wconf 88' lang='lat' dir='ltr'>Athe·</span> 
     </span>
     <span class='ocr_line' id='line_1_8' title="bbox 154 1021 1273 1097; baseline 0.005 -21"><span class='ocrx_word' id='word_1_59' title='bbox 154 1021 278 1094; x_wconf 90' lang='lat' dir='ltr'>uieuses,</span> <span class='ocrx_word' id='word_1_60' title='bbox 300 1022 406 1093; x_wconf 89' lang='lat' dir='ltr'>quibus</span> <span class='ocrx_word' id='word_1_61' title='bbox 426 1025 477 1080; x_wconf 88' lang='lat' dir='ltr'>illa</span> <span class='ocrx_word' id='word_1_62' title='bbox 497 1025 635 1096; x_wconf 83' lang='lat' dir='ltr'>superbit,</span> <span class='ocrx_word' id='word_1_63' title='bbox 656 1029 800 1096; x_wconf 83' lang='lat' dir='ltr'><strong>tamquam</strong></span> <span class='ocrx_word' id='word_1_64' title='bbox 820 1025 948 1083; x_wconf 89' lang='lat' dir='ltr'>homines</span> <span class='ocrx_word' id='word_1_65' title='bbox 967 1026 1096 1084; x_wconf 81' lang='lat' dir='ltr'>imbelles</span> <span class='ocrx_word' id='word_1_66' title='bbox 1111 1031 1141 1083; x_wconf 90' lang='lat' dir='ltr'>et</span> <span class='ocrx_word' id='word_1_67' title='bbox 1154 1027 1273 1097; x_wconf 84' lang='lat' dir='ltr'>ignavos</span> 
     </span>
     <span class='ocr_line' id='line_1_9' title="bbox 153 1114 1270 1190; baseline 0.004 -21"><span class='ocrx_word' id='word_1_68' title='bbox 153 1114 257 1171; x_wconf 87' lang='lat' dir='ltr'>rideat.</span> <span class='ocrx_word' id='word_1_69' title='bbox 288 1116 340 1182; x_wconf 87' lang='grc' dir='ltr'><em>Τιι,</em></span> <span class='ocrx_word' id='word_1_70' title='bbox 361 1116 462 1187; x_wconf 86' lang='lat' dir='ltr'>inquit,</span> <span class='ocrx_word' id='word_1_71' title='bbox 483 1115 564 1175; x_wconf 84' lang='lat' dir='ltr'>fortis</span> <span class='ocrx_word' id='word_1_72' title='bbox 587 1123 617 1175; x_wconf 89' lang='lat' dir='ltr'>et</span> <span class='ocrx_word' id='word_1_73' title='bbox 638 1118 740 1175; x_wconf 86' lang='lat' dir='ltr'>victrix</span> <span class='ocrx_word' id='word_1_74' title='bbox 760 1117 851 1174; x_wconf 90' lang='lat' dir='ltr'>videri</span> <span class='ocrx_word' id='word_1_75' title='bbox 866 1120 961 1190; x_wconf 84' lang='lat' dir='ltr'>cupis3</span> <span class='ocrx_word' id='word_1_76' title='bbox 981 1125 1011 1176; x_wconf 90' lang='lat' dir='ltr'>at</span> <span class='ocrx_word' id='word_1_77' title='bbox 1030 1135 1122 1189; x_wconf 90' lang='lat' dir='ltr'>neque</span> <span class='ocrx_word' id='word_1_78' title='bbox 1141 1123 1174 1175; x_wconf 90' lang='lat' dir='ltr'>tu</span> <span class='ocrx_word' id='word_1_79' title='bbox 1188 1117 1270 1176; x_wconf 88' lang='lat' dir='ltr'>fortis</span> 
     </span>
     <span class='ocr_line' id='line_1_10' title="bbox 156 1209 1276 1294; baseline 0.005 -32"><span class='ocrx_word' id='word_1_80' title='bbox 156 1221 187 1263; x_wconf 90' lang='lat' dir='ltr'>es</span> <span class='ocrx_word' id='word_1_81' title='bbox 208 1222 301 1278; x_wconf 90' lang='lat' dir='ltr'>neque</span> <span class='ocrx_word' id='word_1_82' title='bbox 321 1213 372 1266; x_wconf 86' lang='lat' dir='ltr'>tua</span> <span class='ocrx_word' id='word_1_83' title='bbox 393 1209 443 1266; x_wconf 87' lang='lat' dir='ltr'>illa</span> <span class='ocrx_word' id='word_1_84' title='bbox 466 1211 536 1294; x_wconf 83' lang='lat' dir='ltr'>urbs</span> <span class='ocrx_word' id='word_1_85' title='bbox 555 1211 669 1283; x_wconf 85' lang='lat' dir='ltr'>inclyta.</span> <span class='ocrx_word' id='word_1_86' title='bbox 709 1212 750 1269; x_wconf 86' lang='lat' dir='ltr'>Et</span> <span class='ocrx_word' id='word_1_87' title='bbox 769 1213 837 1282; x_wconf 89' lang='lat' dir='ltr'>quia</span> <span class='ocrx_word' id='word_1_88' title='bbox 861 1213 939 1268; x_wconf 88' lang='lat' dir='ltr'>urbis</span> <span class='ocrx_word' id='word_1_89' title='bbox 965 1229 1067 1271; x_wconf 89' lang='lat' dir='ltr'>nomen</span> <span class='ocrx_word' id='word_1_90' title='bbox 1092 1212 1205 1285; x_wconf 84' lang='lat' dir='ltr'>plurale</span> <span class='ocrx_word' id='word_1_91' title='bbox 1231 1217 1276 1268; x_wconf 88' lang='lat' dir='ltr'>est</span> 
     </span>
     <span class='ocr_line' id='line_1_11' title="bbox 157 1298 1276 1379; baseline 0.004 -23"><span class='ocrx_word' id='word_1_92' title='bbox 157 1305 187 1356; x_wconf 92' lang='lat' dir='ltr'>et</span> <span class='ocrx_word' id='word_1_93' title='bbox 202 1298 395 1374; x_wconf 85' lang='lat' dir='ltr'>foemininum,</span> <span class='ocrx_word' id='word_1_94' title='bbox 408 1299 527 1379; x_wconf 75' lang='grc' dir='ltr'><em>Ἀθῆναι,</em></span> <span class='ocrx_word' id='word_1_95' title='bbox 542 1304 566 1362; x_wconf 95' lang='lat' dir='ltr'>si</span> <span class='ocrx_word' id='word_1_96' title='bbox 580 1321 731 1377; x_wconf 88' lang='lat' dir='ltr'>personam</span> <span class='ocrx_word' id='word_1_97' title='bbox 746 1305 876 1377; x_wconf 91' lang='lat' dir='ltr'>iuduunt,</span> <span class='ocrx_word' id='word_1_98' title='bbox 890 1305 1023 1363; x_wconf 88' lang='lat' dir='ltr'>mulieres</span> <span class='ocrx_word' id='word_1_99' title='bbox 1037 1304 1128 1363; x_wconf 89' lang='lat' dir='ltr'>videri</span> <span class='ocrx_word' id='word_1_100' title='bbox 1142 1308 1276 1376; x_wconf 86' lang='lat' dir='ltr'>possunt3</span> 
     </span>
     <span class='ocr_line' id='line_1_12' title="bbox 155 1396 1275 1470; baseline 0.003 -21"><span class='ocrx_word' id='word_1_101' title='bbox 155 1396 187 1450; x_wconf 90' lang='lat' dir='ltr'>at</span> <span class='ocrx_word' id='word_1_102' title='bbox 206 1409 263 1451; x_wconf 94' lang='lat' dir='ltr'>nou</span> <span class='ocrx_word' id='word_1_103' title='bbox 288 1401 354 1453; x_wconf 90' lang='lat' dir='ltr'>sunt</span> <span class='ocrx_word' id='word_1_104' title='bbox 381 1412 467 1455; x_wconf 91' lang='lat' dir='ltr'>verae</span> <span class='ocrx_word' id='word_1_105' title='bbox 493 1399 641 1457; x_wconf 83' lang='lat' dir='ltr'>rnulieres!</span> <span class='ocrx_word' id='word_1_106' title='bbox 674 1398 742 1469; x_wconf 90' lang='lat' dir='ltr'>quid</span> <span class='ocrx_word' id='word_1_107' title='bbox 768 1399 876 1469; x_wconf 80' lang='lat' dir='ltr'>igitur?</span> <span class='ocrx_word' id='word_1_108' title='bbox 906 1399 1020 1455; x_wconf 78' lang='lat' dir='ltr'>mares?</span> <span class='ocrx_word' id='word_1_109' title='bbox 1051 1413 1144 1470; x_wconf 91' lang='lat' dir='ltr'>neque</span> <span class='ocrx_word' id='word_1_110' title='bbox 1170 1412 1275 1466; x_wconf 82' lang='lat' dir='ltr'>mares,</span> 
     </span>
     <span class='ocr_line' id='line_1_13' title="bbox 156 1486 1276 1562; baseline 0.004 -20"><span class='ocrx_word' id='word_1_111' title='bbox 156 1501 249 1557; x_wconf 87' lang='lat' dir='ltr'>neque</span> <span class='ocrx_word' id='word_1_112' title='bbox 270 1486 421 1562; x_wconf 78' lang='lat' dir='ltr'>foeminae,</span> <span class='ocrx_word' id='word_1_113' title='bbox 441 1491 498 1548; x_wconf 89' lang='lat' dir='ltr'>etsi</span> <span class='ocrx_word' id='word_1_114' title='bbox 517 1490 651 1548; x_wconf 88' lang='lat' dir='ltr'>membris</span> <span class='ocrx_word' id='word_1_115' title='bbox 672 1508 690 1549; x_wconf 90' lang='lat' dir='ltr'>a</span> <span class='ocrx_word' id='word_1_116' title='bbox 709 1496 814 1549; x_wconf 87' lang='lat' dir='ltr'>natura</span> <span class='ocrx_word' id='word_1_117' title='bbox 833 1491 862 1546; x_wconf 92' lang='lat' dir='ltr'>iu</span> <span class='ocrx_word' id='word_1_118' title='bbox 882 1496 1033 1561; x_wconf 87' lang='lat' dir='ltr'>utrumque</span> <span class='ocrx_word' id='word_1_119' title='bbox 1055 1505 1153 1546; x_wconf 91' lang='lat' dir='ltr'>sexum</span> <span class='ocrx_word' id='word_1_120' title='bbox 1175 1489 1276 1547; x_wconf 89' lang='lat' dir='ltr'>distin·</span> 
     </span>
     <span class='ocr_line' id='line_1_14' title="bbox 155 1580 1275 1660; baseline 0.002 -24"><span class='ocrx_word' id='word_1_121' title='bbox 155 1584 282 1650; x_wconf 83' lang='lat' dir='ltr'>guuntur</span> <span class='ocrx_word' id='word_1_122' title='bbox 296 1583 495 1642; x_wconf 83' lang='lat' dir='ltr'>Athenienses.</span> <span class='ocrx_word' id='word_1_123' title='bbox 528 1585 631 1642; x_wconf 83' lang='lat' dir='ltr'>Totum</span> <span class='ocrx_word' id='word_1_124' title='bbox 646 1593 690 1643; x_wconf 89' lang='lat' dir='ltr'>est</span> <span class='ocrx_word' id='word_1_125' title='bbox 703 1586 797 1644; x_wconf 87' lang='lat' dir='ltr'>Nonni</span> <span class='ocrx_word' id='word_1_126' title='bbox 811 1601 939 1656; x_wconf 88' lang='lat' dir='ltr'>acumen,</span> <span class='ocrx_word' id='word_1_127' title='bbox 960 1584 1009 1654; x_wconf 88' lang='lat' dir='ltr'>qui</span> <span class='ocrx_word' id='word_1_128' title='bbox 1022 1583 1093 1640; x_wconf 93' lang='lat' dir='ltr'>illud</span> <span class='ocrx_word' id='word_1_129' title='bbox 1108 1580 1275 1660; x_wconf 81' lang='grc' dir='ltr'><em>κεκριμένον</em></span> 
     </span>
     <span class='ocr_line' id='line_1_15' title="bbox 154 1674 1277 1750; baseline 0 -19"><span class='ocrx_word' id='word_1_130' title='bbox 154 1674 250 1731; x_wconf 90' lang='lat' dir='ltr'>multis</span> <span class='ocrx_word' id='word_1_131' title='bbox 275 1676 367 1733; x_wconf 91' lang='lat' dir='ltr'>modis</span> <span class='ocrx_word' id='word_1_132' title='bbox 393 1678 542 1749; x_wconf 88' lang='lat' dir='ltr'>usurpavit</span> <span class='ocrx_word' id='word_1_133' title='bbox 566 1678 595 1734; x_wconf 90' lang='lat' dir='ltr'>in</span> <span class='ocrx_word' id='word_1_134' title='bbox 624 1677 833 1750; x_wconf 83' lang='lat' dir='ltr'>Dionysiacis«.</span> <span class='ocrx_word' id='word_1_135' title='bbox 880 1677 971 1734; x_wconf 90' lang='lat' dir='ltr'>Recte</span> <span class='ocrx_word' id='word_1_136' title='bbox 995 1691 1064 1734; x_wconf 87' lang='lat' dir='ltr'>saue</span> <span class='ocrx_word' id='word_1_137' title='bbox 1090 1675 1277 1733; x_wconf 86' lang='lat' dir='ltr'>vehementer</span> 
     </span>
     <span class='ocr_line' id='line_1_16' title="bbox 154 1767 1276 1843; baseline 0.003 -20"><span class='ocrx_word' id='word_1_138' title='bbox 154 1767 273 1824; x_wconf 88' lang='lat' dir='ltr'>miratus</span> <span class='ocrx_word' id='word_1_139' title='bbox 300 1775 345 1826; x_wconf 89' lang='lat' dir='ltr'>est</span> <span class='ocrx_word' id='word_1_140' title='bbox 364 1769 510 1827; x_wconf 85' lang='lat' dir='ltr'>Hermann</span> <span class='ocrx_word' id='word_1_141' title='bbox 531 1788 558 1843; x_wconf 87' lang='lat' dir='ltr'>p.</span> <span class='ocrx_word' id='word_1_142' title='bbox 581 1771 615 1828; x_wconf 76' lang='lat'>17</span> <span class='ocrx_word' id='word_1_143' title='bbox 639 1770 732 1841; x_wconf 74' lang='lat' dir='ltr'>»quod</span> <span class='ocrx_word' id='word_1_144' title='bbox 759 1769 873 1829; x_wconf 89' lang='lat' dir='ltr'>Graefio</span> <span class='ocrx_word' id='word_1_145' title='bbox 898 1770 1062 1828; x_wconf 90' lang='lat' dir='ltr'>acutissimo</span> <span class='ocrx_word' id='word_1_146' title='bbox 1086 1769 1217 1841; x_wconf 89' lang='lat' dir='ltr'>leporum</span> <span class='ocrx_word' id='word_1_147' title='bbox 1247 1772 1276 1826; x_wconf 89' lang='lat' dir='ltr'>et</span> 
     </span>
     <span class='ocr_line' id='line_1_17' title="bbox 154 1859 1275 1939; baseline 0.001 -22"><span class='ocrx_word' id='word_1_148' title='bbox 154 1862 312 1919; x_wconf 83' lang='lat' dir='ltr'>venustatis</span> <span class='ocrx_word' id='word_1_149' title='bbox 327 1862 444 1934; x_wconf 89' lang='lat' dir='ltr'>arbitro,</span> <span class='ocrx_word' id='word_1_150' title='bbox 462 1859 572 1939; x_wconf 79' lang='grc' dir='ltr'><em>Ἀθῆναι</em></span> <span class='ocrx_word' id='word_1_151' title='bbox 592 1881 648 1922; x_wconf 89' lang='lat' dir='ltr'>non</span> <span class='ocrx_word' id='word_1_152' title='bbox 670 1863 838 1935; x_wconf 76' lang='lat' dir='ltr'>Minervae,</span> <span class='ocrx_word' id='word_1_153' title='bbox 852 1863 903 1920; x_wconf 93' lang='lat' dir='ltr'>sed</span> <span class='ocrx_word' id='word_1_154' title='bbox 923 1862 990 1920; x_wconf 89' lang='lat' dir='ltr'>urbs</span> <span class='ocrx_word' id='word_1_155' title='bbox 1011 1861 1188 1919; x_wconf 84' lang='lat' dir='ltr'>Athenarum</span> <span class='ocrx_word' id='word_1_156' title='bbox 1211 1876 1275 1918; x_wconf 91' lang='lat' dir='ltr'>esse</span> 
     </span>
     <span class='ocr_line' id='line_1_18' title="bbox 155 1953 1277 2025; baseline 0 -15"><span class='ocrx_word' id='word_1_157' title='bbox 155 1955 234 2011; x_wconf 91' lang='lat' dir='ltr'>visae</span> <span class='ocrx_word' id='word_1_158' title='bbox 259 1960 353 2012; x_wconf 79' lang='lat' dir='ltr'>sunt«.</span> <span class='ocrx_word' id='word_1_159' title='bbox 382 1988 413 1996; x_wconf 90' lang='lat'>-</span> <span class='ocrx_word' id='word_1_160' title='bbox 442 1954 498 2013; x_wconf 85' lang='grc'>188</span> <span class='ocrx_word' id='word_1_161' title='bbox 520 1959 593 2013; x_wconf 80' lang='grc' dir='ltr'><em>τοῖαι</em></span> <span class='ocrx_word' id='word_1_162' title='bbox 613 1957 645 2014; x_wconf 92' lang='grc' dir='ltr'><strong>Μ</strong></span> <span class='ocrx_word' id='word_1_163' title='bbox 666 1964 696 2016; x_wconf 86' lang='lat' dir='ltr'>ot</span> <span class='ocrx_word' id='word_1_164' title='bbox 722 1957 787 2015; x_wconf 89' lang='lat' dir='ltr'>edd.</span> <span class='ocrx_word' id='word_1_165' title='bbox 814 1957 881 2014; x_wconf 91' lang='lat' dir='ltr'>inde</span> <span class='ocrx_word' id='word_1_166' title='bbox 902 1972 920 2013; x_wconf 91' lang='lat' dir='ltr'>a</span> <span class='ocrx_word' id='word_1_167' title='bbox 939 1955 1089 2023; x_wconf 86' lang='lat' dir='ltr'>Bekkero,</span> <span class='ocrx_word' id='word_1_168' title='bbox 1116 1955 1171 2012; x_wconf 90' lang='lat' dir='ltr'>nisi</span> <span class='ocrx_word' id='word_1_169' title='bbox 1199 1953 1277 2025; x_wconf 89' lang='lat' dir='ltr'>quod</span> 
     </span>
     <span class='ocr_line' id='line_1_19' title="bbox 154 2045 1275 2124; baseline 0.001 -22"><span class='ocrx_word' id='word_1_170' title='bbox 154 2047 328 2118; x_wconf 89' lang='lat' dir='ltr'>reliquorum</span> <span class='ocrx_word' id='word_1_171' title='bbox 350 2048 478 2106; x_wconf 89' lang='lat' dir='ltr'>codicum</span> <span class='ocrx_word' id='word_1_172' title='bbox 499 2054 529 2106; x_wconf 92' lang='lat' dir='ltr'>et</span> <span class='ocrx_word' id='word_1_173' title='bbox 554 2050 697 2108; x_wconf 91' lang='lat' dir='ltr'>editorum</span> <span class='ocrx_word' id='word_1_174' title='bbox 723 2051 874 2109; x_wconf 87' lang='lat' dir='ltr'>lectionem</span> <span class='ocrx_word' id='word_1_175' title='bbox 896 2047 950 2124; x_wconf 68' lang='lat' dir='ltr'>⁴aad</span> <span class='ocrx_word' id='word_1_176' title='bbox 975 2045 1007 2105; x_wconf 82' lang='grc' dir='ltr'>οὐ</span> <span class='ocrx_word' id='word_1_177' title='bbox 1033 2049 1154 2105; x_wconf 89' lang='lat' dir='ltr'>retinuit</span> <span class='ocrx_word' id='word_1_178' title='bbox 1172 2046 1275 2114; x_wconf 85' lang='lat' dir='ltr'>Iulian,</span> 
     </span>
     <span class='ocr_line' id='line_1_20' title="bbox 157 2138 1276 2202; baseline 0.002 -6"><span class='ocrx_word' id='word_1_179' title='bbox 157 2139 285 2197; x_wconf 85' lang='lat' dir='ltr'>Bekkeri</span> <span class='ocrx_word' id='word_1_180' title='bbox 305 2143 378 2197; x_wconf 81' lang='grc' dir='ltr'><strong><em>τοῖαι</em></strong></span> <span class='ocrx_word' id='word_1_181' title='bbox 399 2143 564 2200; x_wconf 87' lang='lat' dir='ltr'>coniectura</span> <span class='ocrx_word' id='word_1_182' title='bbox 578 2144 640 2201; x_wconf 88' lang='lat' dir='ltr'>sola</span> <span class='ocrx_word' id='word_1_183' title='bbox 654 2145 707 2200; x_wconf 91' lang='lat' dir='ltr'>niti</span> <span class='ocrx_word' id='word_1_184' title='bbox 721 2143 793 2202; x_wconf 87' lang='lat' dir='ltr'>falso</span> <span class='ocrx_word' id='word_1_185' title='bbox 807 2149 896 2201; x_wconf 87' lang='lat' dir='ltr'>ratus.</span> <span class='ocrx_word' id='word_1_186' title='bbox 927 2142 1093 2200; x_wconf 88' lang='lat' dir='ltr'>Lectiouem</span> <span class='ocrx_word' id='word_1_187' title='bbox 1109 2157 1126 2198; x_wconf 89' lang='lat' dir='ltr'>a</span> <span class='ocrx_word' id='word_1_188' title='bbox 1138 2138 1276 2198; x_wconf 86' lang='lat' dir='ltr'>Bekkem</span> 
     </span>
     <span class='ocr_line' id='line_1_21' title="bbox 155 2236 1276 2309; baseline 0 -20"><span class='ocrx_word' id='word_1_189' title='bbox 155 2239 302 2306; x_wconf 84' lang='lat' dir='ltr'>receptam</span> <span class='ocrx_word' id='word_1_190' title='bbox 326 2236 367 2292; x_wconf 92' lang='lat' dir='ltr'>sic</span> <span class='ocrx_word' id='word_1_191' title='bbox 380 2237 467 2293; x_wconf 90' lang='lat' dir='ltr'>vertit</span> <span class='ocrx_word' id='word_1_192' title='bbox 481 2236 588 2293; x_wconf 89' lang='lat' dir='ltr'>Lehrs:</span> <span class='ocrx_word' id='word_1_193' title='bbox 617 2237 798 2309; x_wconf 68' lang='lat' dir='ltr'>»Ignorasna</span> <span class='ocrx_word' id='word_1_194' title='bbox 820 2236 895 2308; x_wconf 91' lang='lat' dir='ltr'>quod</span> <span class='ocrx_word' id='word_1_195' title='bbox 909 2237 1005 2309; x_wconf 90' lang='lat' dir='ltr'>potius</span> <span class='ocrx_word' id='word_1_196' title='bbox 1019 2236 1192 2306; x_wconf 84' lang='lat' dir='ltr'>impotentes</span> <span class='ocrx_word' id='word_1_197' title='bbox 1210 2240 1276 2290; x_wconf 90' lang='lat' dir='ltr'>sunt</span> 
     </span>
     <span class='ocr_line' id='line_1_22' title="bbox 155 2326 1268 2400; baseline 0.002 -18"><span class='ocrx_word' id='word_1_198' title='bbox 155 2326 304 2385; x_wconf 89' lang='lat' dir='ltr'>Minervae</span> <span class='ocrx_word' id='word_1_199' title='bbox 320 2329 401 2400; x_wconf 89' lang='lat' dir='ltr'>tales,</span> <span class='ocrx_word' id='word_1_200' title='bbox 421 2330 557 2399; x_wconf 83' lang='lat' dir='ltr'>gloriosis</span> <span class='ocrx_word' id='word_1_201' title='bbox 572 2346 603 2387; x_wconf 92' lang='lat' dir='ltr'>se</span> <span class='ocrx_word' id='word_1_202' title='bbox 618 2330 794 2387; x_wconf 79' lang='lat' dir='ltr'>delectantes</span> <span class='ocrx_word' id='word_1_203' title='bbox 809 2329 930 2386; x_wconf 72' lang='lat' dir='ltr'>bellis‘t«</span> <span class='ocrx_word' id='word_1_204' title='bbox 963 2327 1030 2385; x_wconf 89' lang='lat' dir='ltr'>Iure</span> <span class='ocrx_word' id='word_1_205' title='bbox 1044 2328 1133 2398; x_wconf 82' lang='lat' dir='ltr'>igitur</span> <span class='ocrx_word' id='word_1_206' title='bbox 1155 2326 1268 2384; x_wconf 85' lang='lat' dir='ltr'>mireris</span> 
     </span>
     <span class='ocr_line' id='line_1_23' title="bbox 154 2417 1273 2494; baseline -0.001 -17"><span class='ocrx_word' id='word_1_207' title='bbox 154 2436 173 2478; x_wconf 88' lang='lat' dir='ltr'>a</span> <span class='ocrx_word' id='word_1_208' title='bbox 194 2419 307 2479; x_wconf 87' lang='lat' dir='ltr'>Graefio</span> <span class='ocrx_word' id='word_1_209' title='bbox 328 2440 355 2494; x_wconf 91' lang='lat' dir='ltr'>p.</span> <span class='ocrx_word' id='word_1_210' title='bbox 371 2428 426 2480; x_wconf 82' lang='grc'>248</span> <span class='ocrx_word' id='word_1_211' title='bbox 447 2423 519 2479; x_wconf 87' lang='lat' dir='ltr'>talia</span> <span class='ocrx_word' id='word_1_212' title='bbox 538 2422 625 2480; x_wconf 90' lang='lat' dir='ltr'>scribi</span> <span class='ocrx_word' id='word_1_213' title='bbox 649 2423 791 2494; x_wconf 88' lang='lat' dir='ltr'>potuisse:</span> <span class='ocrx_word' id='word_1_214' title='bbox 824 2422 916 2478; x_wconf 75' lang='grc' dir='ltr'><em>οτοῖαι</em></span> <span class='ocrx_word' id='word_1_215' title='bbox 940 2421 1017 2492; x_wconf 91' lang='lat' dir='ltr'>quod</span> <span class='ocrx_word' id='word_1_216' title='bbox 1038 2419 1106 2480; x_wconf 83' lang='lat' dir='ltr'>Ood.</span> <span class='ocrx_word' id='word_1_217' title='bbox 1127 2419 1203 2476; x_wconf 75' lang='grc' dir='ltr'><em>Μαι.</em></span> <span class='ocrx_word' id='word_1_218' title='bbox 1224 2417 1273 2477; x_wconf 94' lang='lat' dir='ltr'>ob·</span> 
     </span>
     <span class='ocr_line' id='line_1_24' title="bbox 156 2509 1275 2586; baseline -0.001 -17"><span class='ocrx_word' id='word_1_219' title='bbox 156 2514 232 2586; x_wconf 89' lang='lat' dir='ltr'>tulit,</span> <span class='ocrx_word' id='word_1_220' title='bbox 253 2513 355 2586; x_wconf 89' lang='lat' dir='ltr'>fateor,</span> <span class='ocrx_word' id='word_1_221' title='bbox 376 2530 422 2572; x_wconf 91' lang='lat' dir='ltr'>me</span> <span class='ocrx_word' id='word_1_222' title='bbox 442 2531 498 2572; x_wconf 95' lang='lat' dir='ltr'>non</span> <span class='ocrx_word' id='word_1_223' title='bbox 518 2516 695 2586; x_wconf 86' lang='lat' dir='ltr'>intelligere;</span> <span class='ocrx_word' id='word_1_224' title='bbox 717 2513 765 2570; x_wconf 76' lang='grc' dir='ltr'>καὶ</span> <span class='ocrx_word' id='word_1_225' title='bbox 784 2509 826 2586; x_wconf 82' lang='grc' dir='ltr'>οὔ,</span> <span class='ocrx_word' id='word_1_226' title='bbox 850 2514 925 2586; x_wconf 87' lang='lat' dir='ltr'>quod</span> <span class='ocrx_word' id='word_1_227' title='bbox 946 2515 1031 2585; x_wconf 81' lang='lat' dir='ltr'>vulgo</span> <span class='ocrx_word' id='word_1_228' title='bbox 1046 2513 1197 2584; x_wconf 86' lang='lat' dir='ltr'>edebatur,</span> <span class='ocrx_word' id='word_1_229' title='bbox 1217 2527 1275 2568; x_wconf 89' lang='lat' dir='ltr'>me·</span> 
     </span>
     <span class='ocr_line' id='line_1_25' title="bbox 156 2600 1275 2680; baseline -0.005 -16"><span class='ocrx_word' id='word_1_230' title='bbox 156 2607 237 2664; x_wconf 89' lang='lat' dir='ltr'>tricis</span> <span class='ocrx_word' id='word_1_231' title='bbox 252 2607 411 2665; x_wconf 88' lang='lat' dir='ltr'>rationibus</span> <span class='ocrx_word' id='word_1_232' title='bbox 427 2607 618 2665; x_wconf 88' lang='lat' dir='ltr'>damnandum</span> <span class='ocrx_word' id='word_1_233' title='bbox 633 2614 687 2680; x_wconf 90' lang='lat' dir='ltr'>est,</span> <span class='ocrx_word' id='word_1_234' title='bbox 708 2623 802 2678; x_wconf 91' lang='lat' dir='ltr'>neque</span> <span class='ocrx_word' id='word_1_235' title='bbox 816 2608 932 2678; x_wconf 85' lang='lat' dir='ltr'>negatio</span> <span class='ocrx_word' id='word_1_236' title='bbox 948 2612 1068 2680; x_wconf 90' lang='lat' dir='ltr'>propter</span> <span class='ocrx_word' id='word_1_237' title='bbox 1081 2621 1141 2676; x_wconf 89' lang='lat' dir='ltr'>seq.</span> <span class='ocrx_word' id='word_1_238' title='bbox 1156 2600 1275 2680; x_wconf 76' lang='grc' dir='ltr'><em>ἀγαλλό-</em></span> 
     </span>
     <span class='ocr_line' id='line_1_26' title="bbox 152 2695 1274 2775; baseline -0.003 -19"><span class='ocrx_word' id='word_1_239' title='bbox 152 2719 244 2775; x_wconf 81' lang='grc' dir='ltr'><em>μεναι,</em></span> <span class='ocrx_word' id='word_1_240' title='bbox 266 2700 336 2756; x_wconf 88' lang='lat' dir='ltr'>satis</span> <span class='ocrx_word' id='word_1_241' title='bbox 357 2700 471 2758; x_wconf 86' lang='lat' dir='ltr'>videtur</span> <span class='ocrx_word' id='word_1_242' title='bbox 491 2700 657 2773; x_wconf 90' lang='lat' dir='ltr'>probabilis.</span> <span class='ocrx_word' id='word_1_243' title='bbox 691 2702 843 2771; x_wconf 87' lang='lat' dir='ltr'>Nunquam</span> <span class='ocrx_word' id='word_1_244' title='bbox 864 2697 917 2756; x_wconf 83' lang='grc' dir='ltr'>καί</span> <span class='ocrx_word' id='word_1_245' title='bbox 936 2705 1004 2758; x_wconf 88' lang='lat' dir='ltr'>ante</span> <span class='ocrx_word' id='word_1_246' title='bbox 1025 2698 1152 2756; x_wconf 88' lang='lat' dir='ltr'>vocalem</span> <span class='ocrx_word' id='word_1_247' title='bbox 1172 2695 1211 2754; x_wconf 92' lang='lat' dir='ltr'>ab</span> <span class='ocrx_word' id='word_1_248' title='bbox 1230 2696 1274 2754; x_wconf 90' lang='lat' dir='ltr'>his</span> 
     </span>
     <span class='ocr_line' id='line_1_27' title="bbox 157 2789 1273 2865; baseline -0.007 -15"><span class='ocrx_word' id='word_1_249' title='bbox 157 2794 250 2865; x_wconf 84' lang='lat' dir='ltr'>poetis</span> <span class='ocrx_word' id='word_1_250' title='bbox 272 2793 442 2864; x_wconf 86' lang='lat' dir='ltr'>productum</span> <span class='ocrx_word' id='word_1_251' title='bbox 456 2794 609 2865; x_wconf 89' lang='lat' dir='ltr'>reperitur,</span> <span class='ocrx_word' id='word_1_252' title='bbox 630 2799 663 2850; x_wconf 87' lang='lat' dir='ltr'>ut</span> <span class='ocrx_word' id='word_1_253' title='bbox 676 2791 705 2848; x_wconf 94' lang='lat' dir='ltr'>id</span> <span class='ocrx_word' id='word_1_254' title='bbox 720 2791 757 2850; x_wconf 92' lang='lat' dir='ltr'>ad</span> <span class='ocrx_word' id='word_1_255' title='bbox 771 2790 927 2864; x_wconf 87' lang='lat' dir='ltr'>Tryphiod.</span> <span class='ocrx_word' id='word_1_256' title='bbox 942 2808 967 2848; x_wconf 92' lang='lat' dir='ltr'>v.</span> <span class='ocrx_word' id='word_1_257' title='bbox 984 2797 1038 2847; x_wconf 80' lang='lat'>132</span> <span class='ocrx_word' id='word_1_258' title='bbox 1052 2789 1273 2847; x_wconf 86' lang='lat' dir='ltr'>observavimus.</span> 
     </span>
     <span class='ocr_line' id='line_1_28' title="bbox 156 2882 1274 2956; baseline -0.004 -14"><span class='ocrx_word' id='word_1_259' title='bbox 156 2887 271 2956; x_wconf 90' lang='lat' dir='ltr'>ltaque,</span> <span class='ocrx_word' id='word_1_260' title='bbox 296 2887 352 2942; x_wconf 91' lang='lat' dir='ltr'>nisi</span> <span class='ocrx_word' id='word_1_261' title='bbox 374 2885 443 2944; x_wconf 82' lang='lat' dir='ltr'>(lod.</span> <span class='ocrx_word' id='word_1_262' title='bbox 463 2885 538 2943; x_wconf 91' lang='lat' dir='ltr'>Mut.</span> <span class='ocrx_word' id='word_1_263' title='bbox 560 2888 642 2943; x_wconf 88' lang='lat' dir='ltr'>unice</span> <span class='ocrx_word' id='word_1_264' title='bbox 664 2885 822 2943; x_wconf 86' lang='lat' dir='ltr'>audiendus</span> <span class='ocrx_word' id='word_1_265' title='bbox 844 2891 896 2956; x_wconf 88' lang='lat' dir='ltr'>est,</span> <span class='ocrx_word' id='word_1_266' title='bbox 916 2900 1015 2941; x_wconf 88' lang='lat' dir='ltr'>vemm</span> <span class='ocrx_word' id='word_1_267' title='bbox 1035 2882 1209 2940; x_wconf 91' lang='lat' dir='ltr'>censendum</span> <span class='ocrx_word' id='word_1_268' title='bbox 1231 2886 1274 2939; x_wconf 89' lang='lat' dir='ltr'>est</span> 
     </span>
     <span class='ocr_line' id='line_1_29' title="bbox 156 2973 1274 3051; baseline -0.002 -17"><span class='ocrx_word' id='word_1_269' title='bbox 156 2977 199 3049; x_wconf 89' lang='lat' dir='ltr'>id,</span> <span class='ocrx_word' id='word_1_270' title='bbox 225 2978 300 3048; x_wconf 90' lang='lat' dir='ltr'>quod</span> <span class='ocrx_word' id='word_1_271' title='bbox 320 2979 385 3051; x_wconf 92' lang='lat' dir='ltr'>pari</span> <span class='ocrx_word' id='word_1_272' title='bbox 405 2979 611 3050; x_wconf 89' lang='lat' dir='ltr'>probabilitate</span> <span class='ocrx_word' id='word_1_273' title='bbox 631 2983 661 3036; x_wconf 89' lang='lat' dir='ltr'>et</span> <span class='ocrx_word' id='word_1_274' title='bbox 681 2980 710 3036; x_wconf 87' lang='lat' dir='ltr'>in</span> <span class='ocrx_word' id='word_1_275' title='bbox 731 2977 779 3033; x_wconf 76' lang='grc' dir='ltr'>καὶ</span> <span class='ocrx_word' id='word_1_276' title='bbox 799 2973 833 3034; x_wconf 84' lang='grc' dir='ltr'>οὔ</span> <span class='ocrx_word' id='word_1_277' title='bbox 854 2983 883 3034; x_wconf 87' lang='lat' dir='ltr'>et</span> <span class='ocrx_word' id='word_1_278' title='bbox 902 2978 932 3034; x_wconf 91' lang='lat' dir='ltr'>in</span> <span class='ocrx_word' id='word_1_279' title='bbox 952 2979 1026 3033; x_wconf 82' lang='grc' dir='ltr'>τοῖαι</span> <span class='ocrx_word' id='word_1_280' title='bbox 1052 2975 1205 3046; x_wconf 86' lang='lat' dir='ltr'>depravari</span> <span class='ocrx_word' id='word_1_281' title='bbox 1224 2990 1274 3046; x_wconf 92' lang='lat' dir='ltr'>po-</span> 
     </span>
     <span class='ocr_line' id='line_1_30' title="bbox 155 3071 693 3143; baseline 0 -15"><span class='ocrx_word' id='word_1_282' title='bbox 155 3072 219 3128; x_wconf 89' lang='lat' dir='ltr'>tuit.</span> <span class='ocrx_word' id='word_1_283' title='bbox 260 3072 428 3142; x_wconf 82' lang='lat' dir='ltr'>Legendum</span> <span class='ocrx_word' id='word_1_284' title='bbox 447 3073 546 3143; x_wconf 89' lang='lat' dir='ltr'>itaque</span> <span class='ocrx_word' id='word_1_285' title='bbox 566 3071 693 3128; x_wconf 88' lang='lat' dir='ltr'>videtur:</span> 
     </span>
    </p>
   </div>
   <div class='ocr_carea' id='block_1_3' title="bbox 327 3193 1087 3367">
    <p class='ocr_par' dir='ltr' id='par_1_3' title="bbox 327 3193 1087 3367">
     <span class='ocr_line' id='line_1_31' title="bbox 328 3193 1087 3274; baseline -0.003 -21"><span class='ocrx_word' id='word_1_286' title='bbox 328 3195 499 3272; x_wconf 77' lang='grc' dir='ltr'><em>ἀγνώσσεις,</em></span> <span class='ocrx_word' id='word_1_287' title='bbox 520 3196 565 3254; x_wconf 69' lang='grc' dir='ltr'>ὅτι</span> <span class='ocrx_word' id='word_1_288' title='bbox 582 3197 690 3274; x_wconf 80' lang='grc' dir='ltr'><em>μᾶλλον</em></span> <span class='ocrx_word' id='word_1_289' title='bbox 711 3194 862 3261; x_wconf 79' lang='grc' dir='ltr'><em>ἀνάλκιδές</em></span> <span class='ocrx_word' id='word_1_290' title='bbox 882 3196 952 3253; x_wconf 77' lang='grc' dir='ltr'><em>εἰσιν</em></span> <span class='ocrx_word' id='word_1_291' title='bbox 972 3193 1087 3273; x_wconf 69' lang='grc' dir='ltr'><em>Ἀθῆναι,</em></span> 
     </span>
     <span class='ocr_line' id='line_1_32' title="bbox 327 3287 1045 3367; baseline -0.003 -20"><span class='ocrx_word' id='word_1_292' title='bbox 327 3291 436 3348; x_wconf 77' lang='grc' dir='ltr'><em>εἶκαὶ</em></span> <span class='ocrx_word' id='word_1_293' title='bbox 456 3291 646 3366; x_wconf 70' lang='grc' dir='ltr'><em>κυδαλᾲιοοσιν</em></span> <span class='ocrx_word' id='word_1_294' title='bbox 667 3290 856 3367; x_wconf 75' lang='grc' dir='ltr'>ἀγαλλόμεναι</span> <span class='ocrx_word' id='word_1_295' title='bbox 874 3287 1045 3362; x_wconf 82' lang='grc' dir='ltr'><em>πολέμοισιν,</em></span> 
     </span>
    </p>
   </div>
   <div class='ocr_carea' id='block_1_4' title="bbox 108 3400 1277 4036">
    <p class='ocr_par' dir='ltr' id='par_1_4' title="bbox 108 3400 1277 4036">
     <span class='ocr_line' id='line_1_33' title="bbox 155 3400 1273 3476; baseline -0.007 -14"><span class='ocrx_word' id='word_1_296' title='bbox 155 3405 245 3462; x_wconf 90' lang='lat' dir='ltr'>licet</span> <span class='ocrx_word' id='word_1_297' title='bbox 264 3404 520 3476; x_wconf 90' lang='lat' dir='ltr'>superbientes</span> <span class='ocrx_word' id='word_1_298' title='bbox 540 3403 851 3476; x_wconf 84' lang='lat' dir='ltr'>gloriosisbellis,</span> <span class='ocrx_word' id='word_1_299' title='bbox 867 3400 1035 3458; x_wconf 91' lang='lat' dir='ltr'>imbelles</span> <span class='ocrx_word' id='word_1_300' title='bbox 1049 3400 1168 3472; x_wconf 87' lang='lat' dir='ltr'>potius</span> <span class='ocrx_word' id='word_1_301' title='bbox 1184 3403 1273 3456; x_wconf 88' lang='lat' dir='ltr'>sunt.</span> 
     </span>
     <span class='ocr_line' id='line_1_34' title="bbox 155 3491 1274 3570; baseline -0.007 -15"><span class='ocrx_word' id='word_1_302' title='bbox 155 3496 195 3555; x_wconf 82' lang='lat' dir='ltr'>Et</span> <span class='ocrx_word' id='word_1_303' title='bbox 214 3496 243 3553; x_wconf 77' lang='grc' dir='ltr'>εἰ</span> <span class='ocrx_word' id='word_1_304' title='bbox 261 3495 318 3565; x_wconf 76' lang='grc' dir='ltr'><em>καὶ,</em></span> <span class='ocrx_word' id='word_1_305' title='bbox 339 3502 371 3555; x_wconf 89' lang='lat' dir='ltr'>ut</span> <span class='ocrx_word' id='word_1_306' title='bbox 391 3499 534 3570; x_wconf 87' lang='lat' dir='ltr'>corrumpi</span> <span class='ocrx_word' id='word_1_307' title='bbox 555 3498 650 3569; x_wconf 88' lang='lat' dir='ltr'>potuit</span> <span class='ocrx_word' id='word_1_308' title='bbox 675 3498 705 3552; x_wconf 94' lang='lat' dir='ltr'>in</span> <span class='ocrx_word' id='word_1_309' title='bbox 730 3493 786 3550; x_wconf 85' lang='grc' dir='ltr'><em>οἷαι</em></span> <span class='ocrx_word' id='word_1_310' title='bbox 807 3498 836 3551; x_wconf 91' lang='lat' dir='ltr'>et</span> <span class='ocrx_word' id='word_1_311' title='bbox 855 3495 942 3565; x_wconf 79' lang='grc' dir='ltr'><em>τοῖαι,</em></span> <span class='ocrx_word' id='word_1_312' title='bbox 968 3498 1106 3564; x_wconf 88' lang='lat' dir='ltr'>sequente</span> <span class='ocrx_word' id='word_1_313' title='bbox 1133 3491 1274 3563; x_wconf 88' lang='lat' dir='ltr'>imprimis</span> 
     </span>
     <span class='ocr_line' id='line_1_35' title="bbox 108 3585 1275 3664; baseline -0.006 -16"><span class='ocrx_word' id='word_1_314' title='bbox 108 3630 111 3635; x_wconf 84' lang='lat'><em>-</em></span> <span class='ocrx_word' id='word_1_315' title='bbox 156 3592 241 3648; x_wconf 91' lang='lat' dir='ltr'>simili</span> <span class='ocrx_word' id='word_1_316' title='bbox 266 3592 377 3664; x_wconf 87' lang='lat' dir='ltr'>syllaba</span> <span class='ocrx_word' id='word_1_317' title='bbox 403 3611 438 3647; x_wconf 88' lang='grc' dir='ltr'>κο</span> <span class='ocrx_word' id='word_1_318' title='bbox 465 3591 533 3662; x_wconf 87' lang='lat' dir='ltr'>(vid.</span> <span class='ocrx_word' id='word_1_319' title='bbox 554 3593 642 3649; x_wconf 91' lang='lat' dir='ltr'>talem</span> <span class='ocrx_word' id='word_1_320' title='bbox 668 3604 795 3648; x_wconf 90' lang='lat' dir='ltr'>errorem</span> <span class='ocrx_word' id='word_1_321' title='bbox 821 3586 851 3646; x_wconf 83' lang='lat' dir='ltr'>O.</span> <span class='ocrx_word' id='word_1_322' title='bbox 866 3586 939 3644; x_wconf 90' lang='lat' dir='ltr'>Mut.</span> <span class='ocrx_word' id='word_1_323' title='bbox 965 3603 990 3643; x_wconf 91' lang='lat' dir='ltr'>v.</span> <span class='ocrx_word' id='word_1_324' title='bbox 1006 3587 1090 3657; x_wconf 74' lang='grc'>397),</span> <span class='ocrx_word' id='word_1_325' title='bbox 1115 3585 1158 3641; x_wconf 86' lang='lat' dir='ltr'>ita</span> <span class='ocrx_word' id='word_1_326' title='bbox 1183 3590 1275 3642; x_wconf 70' lang='lat' dir='ltr'>trans</span> 
     </span>
     <span class='ocr_line' id='line_1_36' title="bbox 155 3671 1276 3757; baseline -0.011 -13"><span class='ocrx_word' id='word_1_327' title='bbox 155 3686 279 3757; x_wconf 90' lang='lat' dir='ltr'>positum</span> <span class='ocrx_word' id='word_1_328' title='bbox 300 3683 348 3740; x_wconf 80' lang='lat' dir='ltr'>xci</span> <span class='ocrx_word' id='word_1_329' title='bbox 368 3681 400 3740; x_wconf 84' lang='grc' dir='ltr'>εἴ</span> <span class='ocrx_word' id='word_1_330' title='bbox 412 3683 497 3742; x_wconf 87' lang='lat' dir='ltr'>facile</span> <span class='ocrx_word' id='word_1_331' title='bbox 518 3683 734 3757; x_wconf 89' lang='lat' dir='ltr'>depravandum</span> <span class='ocrx_word' id='word_1_332' title='bbox 752 3687 816 3739; x_wconf 89' lang='lat' dir='ltr'>erat</span> <span class='ocrx_word' id='word_1_333' title='bbox 828 3682 857 3737; x_wconf 93' lang='lat' dir='ltr'>in</span> <span class='ocrx_word' id='word_1_334' title='bbox 878 3679 926 3735; x_wconf 76' lang='grc' dir='ltr'>καὶ</span> <span class='ocrx_word' id='word_1_335' title='bbox 945 3673 988 3751; x_wconf 84' lang='grc' dir='ltr'>οὔ,</span> <span class='ocrx_word' id='word_1_336' title='bbox 1009 3685 1042 3736; x_wconf 91' lang='lat' dir='ltr'>ut</span> <span class='ocrx_word' id='word_1_337' title='bbox 1061 3671 1095 3733; x_wconf 81' lang='grc' dir='ltr'>οὔ</span> <span class='ocrx_word' id='word_1_338' title='bbox 1115 3684 1146 3735; x_wconf 89' lang='lat' dir='ltr'>et</span> <span class='ocrx_word' id='word_1_339' title='bbox 1165 3673 1198 3733; x_wconf 83' lang='grc' dir='ltr'>εἴ</span> <span class='ocrx_word' id='word_1_340' title='bbox 1210 3692 1276 3734; x_wconf 93' lang='lat' dir='ltr'>con·</span> 
     </span>
     <span class='ocr_line' id='line_1_37' title="bbox 156 3769 1276 3848; baseline -0.007 -14"><span class='ocrx_word' id='word_1_341' title='bbox 156 3775 221 3836; x_wconf 89' lang='lat' dir='ltr'>fusa</span> <span class='ocrx_word' id='word_1_342' title='bbox 241 3783 307 3835; x_wconf 90' lang='lat' dir='ltr'>suut</span> <span class='ocrx_word' id='word_1_343' title='bbox 327 3778 401 3836; x_wconf 90' lang='lat' dir='ltr'>infra</span> <span class='ocrx_word' id='word_1_344' title='bbox 427 3796 452 3835; x_wconf 90' lang='lat' dir='ltr'>v.</span> <span class='ocrx_word' id='word_1_345' title='bbox 468 3785 532 3836; x_wconf 91' lang='lat'><strong>300.</strong></span> <span class='ocrx_word' id='word_1_346' title='bbox 554 3778 602 3848; x_wconf 90' lang='lat' dir='ltr'>qui</span> <span class='ocrx_word' id='word_1_347' title='bbox 627 3777 707 3836; x_wconf 91' lang='lat' dir='ltr'>locus</span> <span class='ocrx_word' id='word_1_348' title='bbox 732 3776 823 3833; x_wconf 92' lang='lat' dir='ltr'>levem</span> <span class='ocrx_word' id='word_1_349' title='bbox 849 3790 912 3831; x_wconf 89' lang='lat' dir='ltr'>cum</span> <span class='ocrx_word' id='word_1_350' title='bbox 937 3778 1035 3831; x_wconf 90' lang='lat' dir='ltr'>nostro</span> <span class='ocrx_word' id='word_1_351' title='bbox 1060 3769 1276 3828; x_wconf 89' lang='lat' dir='ltr'>similitudinem</span> 
     </span>
     <span class='ocr_line' id='line_1_38' title="bbox 157 3861 1277 3944; baseline -0.009 -15"><span class='ocrx_word' id='word_1_352' title='bbox 157 3872 261 3944; x_wconf 83' lang='lat' dir='ltr'>spirat3</span> <span class='ocrx_word' id='word_1_353' title='bbox 286 3871 352 3944; x_wconf 90' lang='lat' dir='ltr'>sed,</span> <span class='ocrx_word' id='word_1_354' title='bbox 379 3871 456 3943; x_wconf 90' lang='lat' dir='ltr'>quod</span> <span class='ocrx_word' id='word_1_355' title='bbox 476 3871 590 3942; x_wconf 90' lang='lat' dir='ltr'>doleas,</span> <span class='ocrx_word' id='word_1_356' title='bbox 618 3886 651 3928; x_wconf 91' lang='lat' dir='ltr'>eo</span> <span class='ocrx_word' id='word_1_357' title='bbox 676 3885 732 3928; x_wconf 89' lang='lat' dir='ltr'>non</span> <span class='ocrx_word' id='word_1_358' title='bbox 758 3867 897 3937; x_wconf 83' lang='lat' dir='ltr'>integrior</span> <span class='ocrx_word' id='word_1_359' title='bbox 922 3866 960 3923; x_wconf 91' lang='lat' dir='ltr'>ad</span> <span class='ocrx_word' id='word_1_360' title='bbox 984 3882 1035 3924; x_wconf 90' lang='lat' dir='ltr'>nos</span> <span class='ocrx_word' id='word_1_361' title='bbox 1062 3864 1202 3937; x_wconf 90' lang='lat' dir='ltr'>pervenit.</span> <span class='ocrx_word' id='word_1_362' title='bbox 1245 3861 1277 3920; x_wconf 85' lang='lat' dir='ltr'>Si</span> 
     </span>
     <span class='ocr_line' id='line_1_39' title="bbox 159 3955 1277 4036; baseline -0.007 -16"><span class='ocrx_word' id='word_1_363' title='bbox 159 3962 294 4034; x_wconf 82' lang='lat' dir='ltr'>vulgatae</span> <span class='ocrx_word' id='word_1_364' title='bbox 315 3961 506 4036; x_wconf 84' lang='lat' dir='ltr'>praeferenda</span> <span class='ocrx_word' id='word_1_365' title='bbox 532 3968 577 4020; x_wconf 87' lang='lat' dir='ltr'>est</span> <span class='ocrx_word' id='word_1_366' title='bbox 604 3961 761 4018; x_wconf 88' lang='lat' dir='ltr'>auctoritas</span> <span class='ocrx_word' id='word_1_367' title='bbox 783 3958 852 4016; x_wconf 83' lang='lat' dir='ltr'>Ood.</span> <span class='ocrx_word' id='word_1_368' title='bbox 867 3957 950 4030; x_wconf 78' lang='lat' dir='ltr'>Mut,</span> <span class='ocrx_word' id='word_1_369' title='bbox 971 3957 1103 4030; x_wconf 88' lang='lat' dir='ltr'>proxime</span> <span class='ocrx_word' id='word_1_370' title='bbox 1124 3955 1209 4014; x_wconf 85' lang='lat' dir='ltr'>offert</span> <span class='ocrx_word' id='word_1_371' title='bbox 1229 3969 1277 4012; x_wconf 88' lang='lat' dir='ltr'>se:</span> 
     </span>
    </p>
   </div>
   <div class='ocr_carea' id='block_1_5' title="bbox 0 0 1444 4604">
    <p class='ocr_par' dir='ltr' id='par_1_5' title="bbox 0 0 1444 4604">
     <span class='ocr_line' id='line_1_40' title="bbox 0 0 1444 4604; baseline 0 0"><span class='ocrx_word' id='word_1_372' title='bbox 0 0 1444 4604; x_wconf 95' lang='lat' dir='ltr'> </span> 
     </span>
    </p>
   </div>
  </div>
 </body>
</html>
