2880 4606
576 335 785 397 ..69-

112 517 195 576 ferre
214 534 272 576 non
292 518 388 590 potuit
407 519 463 575 nisi
485 519 577 578 altero
599 518 637 576 ad
657 520 779 577 alterum
798 520 907 592 relato,
933 524 966 578 ut
990 524 1104 578 constat
1129 520 1240 600 dicipi

109 607 284 686 βαθύγεονς,
307 608 389 686 γένος
402 608 600 687 ἀρσενογενές,
618 609 787 668 πολύπλανοι
799 610 909 681 πλάναι,
928 607 1047 687 ἄγγελον
1054 605 1121 689 Ἶριν
1134 607 1240 689 ἔπεμπε

118 700 295 777 δυσάγγελον
323 704 427 774 (Nonn.
453 704 571 776 Dionys.
594 711 645 776 20,
673 705 755 776 184),
786 697 897 780 ἕκρυφε
924 703 1017 760 πᾶσαν
1048 701 1239 782 ἀβακχεύτων

112 795 206 874 στίχα
221 793 346 874 Βάκχων
361 796 412 867 (id.
428 805 473 868 23,
496 797 574 869 254),
595 798 654 854 alia
674 797 703 855 id
725 812 815 869 genus
837 797 973 868 plurima:
995 795 1030 854 cl.
1045 796 1171 856 Lobeck.
1184 799 1239 858 Pa·

116 891 200 962 ralip.
221 907 249 961 p.
272 897 327 948 366
350 895 379 947 et
404 889 487 948 536«.
529 889 587 948 Sed
611 891 637 946 si
661 885 746 945 ἑανοῦ
769 884 954 963 βαθύκολπον
980 887 1085 947 κόλπον
1110 887 1143 955 ἐς
1166 888 1239 968 ἠέρα

118 980 270 1060 ἀνγγώρήσε
284 982 460 1054 iungendum
474 968 559 1053 esset,
580 979 755 1058 γυμνώσασα
776 998 831 1054 quo
851 979 1010 1041 referretur
1028 1000 1086 1042 non
1104 983 1239 1057 haberet3

12 1064 20 1072 ”
109 1072 167 1132 eir.
188 1076 275 1132 etiam
296 1092 322 1133 v.
339 1082 392 1133 158
414 1074 523 1153 στῆθος
543 1072 615 1133 όπαν
641 1073 785 1151 γύμνωσε,
811 1092 867 1148 quo
888 1074 992 1133 κόλπον
1014 1081 1044 1134 et
1064 1074 1239 1153 γυμνώσασα

115 1151 215 1226 nostro
246 1168 309 1226 loco
338 1168 512 1240 iungendum
538 1185 602 1227 esse
626 1169 774 1242 probatur.
820 1168 892 1227 Oum
917 1170 984 1226 olim
1009 1176 1149 1249 commate
1173 1176 1239 1244 post

113 1257 188 1337 ήέρα
208 1266 238 1318 et
257 1257 361 1318 κόλπον
383 1262 479 1321 deleto
506 1279 541 1321 ac
565 1269 632 1335 post
658 1261 831 1338 γυμνώσασα
858 1263 953 1335 posito
979 1264 1154 1336 interpretes
1176 1279 1239 1322 ver-

107 1354 210 1410 terint
232 1354 317 1426 »Ipsa
336 1370 404 1412 vcro
418 1356 534 1427 peplum
554 1356 700 1414 sinuosum
720 1356 749 1412 in
769 1371 837 1413 aere
858 1355 1015 1428 denudans,
1035 1356 1132 1414 Venus
1146 1357 1238 1414 sinum

116 1446 265 1519 sustulitu,
298 1443 444 1520 Ruhnken
465 1453 496 1505 et
518 1447 637 1521 Lennep
664 1449 757 1506 secuti
780 1465 797 1507 a
820 1449 939 1519 reliquis
966 1448 1123 1508 editoribus
1150 1451 1238 1509 inter·

106 1539 298 1611 ,punctionem
319 1544 513 1598 correxerunt.
544 1558 653 1617 εσήερα
670 1540 716 1612 Μ;
739 1573 771 1583 -
794 1538 852 1598 156
874 1538 1024 1618 ἀνήώρήσε
1045 1547 1075 1600 et
1093 1540 1237 1617 ηδεσσατο

115 1665 171 1736 Μ,
186 1662 310 1741 assam
333 1668 370 1738 ο,
398 1631 524 1747 peciam
543 1667 576 1739 s;
599 1699 633 1708 -
656 1664 713 1725 rar
730 1686 809 1745 χειρι
828 1666 862 1724 σε
883 1674 913 1727 et
931 1665 1051 1742 ἐρώτων
1065 1669 1110 1741 m;
1132 1667 1237 1744 δεσμου

105 1762 148 1816 ut
161 1759 318 1830 scripserat
328 1760 386 1818 iam
396 1759 506 1819 Ubelus
521 1748 742 1831 conieceratque
753 1759 907 1833 Perdrier.,
925 1777 960 1818 ex
970 1762 1003 1819 M
1013 1778 1108 1835 recep.
1120 1761 1238 1821 Beklrer

107 1856 146 1908 -et
165 1856 232 1923 post
254 1868 319 1910 eum
340 1837 466 1912 editores
482 1857 609 1924 praeter
629 1852 745 1923 Lehrs.;
772 1853 947 1912 deteriorum
964 1854 1102 1933 'codicum
1123 1860 1153 1912 et
1171 1856 1236 1913 reli·

115 1959 235 2014 quarum
256 1948 416 2007 editionum
437 1947 589 2005 lectionem
613 1943 721 2021 θεσμόν
741 1947 799 2017 (cui
819 1943 903 2021 νόμον
923 1947 1021 2019 glossa
1039 1948 1236 2020 suprascripta

107 2041 161 2094 -est
174 2039 203 2095 in
219 2039 253 2111 0)
274 2043 350 2100 tueri
369 2041 479 2099 frustra
495 2045 617 2099 conatus
638 2046 683 2097 est
696 2039 814 2111 Lennep
828 2041 858 2097 in
871 2039 1183 2100 Animadversionibus.
1198 2073 1235 2084 -

107 2127 173 2188 *168
195 2127 325 2208 γύμνωσε
344 2132 392 2204 Μ;
413 2129 555 2208 ἐμνήσατο
576 2130 658 2190 υυύό.
679 2147 776 2189 omnes
798 2131 981 2203 (praetenui,
1002 2134 1051 2203 qui
1072 2130 1234 2211 ἀμνήσατα)

107 2228 145 2281 et
168 2224 232 2284 edd.
253 2230 372 2308 praeter
392 2225 473 2283 Porti
493 2230 523 2281 et
541 2224 654 2290 Iuliani,
675 2223 724 2293 qui
745 2219 903 2300 ἀμνήσατο.
942 2224 983 2281 Et
1002 2219 1162 2301 ἀμνήσατο,
1181 2241 1234 2298 pro

45 2377 48 2383 ,
109 2333 173 2389 -quo
195 2317 287 2374 Iulien
308 2318 337 2373 in
357 2317 433 2374 notis
454 2324 553 2388 p.100
573 2316 669 2388 pot-ius
690 2312 833 2394 ήμνήσατο
859 2315 1040 2373 scribendum
1066 2332 1130 2375 esse
1154 2319 1234 2391 vidit,

107 2407 259 2478 *vertendo
278 2409 623 2480 expresseruutplerique
636 2407 820 2480 interpretes.
849 2407 947 2466 Etiam
961 2408 1094 2481 Lennep:
1117 2426 1234 2468 »sensus

55 2501 64 2515 ”
117 2501 177 2557 tale
201 2501 270 2571 quid
291 2499 453 2573 efflagitare
473 2500 566 2559 videri
585 2506 685 2574 posset
708 2501 926 2571 quodammodo.
965 2503 1010 2560 De
1036 2504 1113 2562 vocis
1138 2509 1233 2563 tamen

108 2581 242 2652 *bonitate
262 2594 448 2652 vehementer
468 2594 616 2652 addubito.
660 2595 756 2665 Quare
781 2596 928 2653 meliorem
948 2596 1023 2653 viam
1048 2596 1234 2658 instituerunt

110 2686 276 2756 Brodaeus,
308 2688 351 2744 vir
375 2686 475 2745 doctus
502 2686 540 2744 ad
564 2686 631 2743 Ald.
656 2687 710 2744 Ed.
739 2692 769 2746 st
792 2686 930 2746 Neandor
955 2689 996 2758 [in
1021 2692 1162 2764 margine]
1187 2693 1233 2751 vol

107 2775 281 2857 όμελήσατο
308 2782 353 2837 vel
378 2776 536 2858 ἐπελήθετο
562 2785 747 2851 reponentes.
786 2780 871 2851 Quod
891 2781 916 2838 si
935 2786 1063 2840 veterem
1083 2790 1233 2842 consuetu·

109 2873 207 2930 dinem
233 2878 347 2945 spectes
373 2872 537 2945 mulierum,
562 2878 595 2929 ut
620 2889 654 2931 eo
680 2873 766 2930 citius
791 2874 911 2932 aliorum
937 2875 1047 2933 animos
1072 2873 1231 2951 flecterent,

21 3021 24 3025 Α
108 2966 190 3025 sinus
208 2971 242 3024 et
260 2967 440 3039 potissimum
460 2967 627 3025 mummulus
649 2982 716 3024 suas
732 2967 947 3041 denudantium,
968 2984 1084 3027 sensum
1099 2970 1232 3041 equidem

36 3065 41 3071 '
109 3059 229 3131 vulgato
255 3046 350 3132 louge
365 3059 513 3117 meliorem
539 3060 646 3117 hebere
672 3061 819 3120 existimo:
843 3063 957 3120 sivero
978 3061 1092 3122 Goluthi
1116 3066 1231 3136 genium

112 3158 143 3211 et
162 3151 308 3210 scribendi
328 3138 436 3211 morem
456 3154 602 3225 consulas,
623 3169 732 3211 causae
749 3170 805 3212 nou
826 3156 946 3211 multum
967 3156 1036 3227 erit,
1063 3172 1115 3214 cur
1135 3173 1152 3216 a
1171 3160 1230 3217 vul·
1296 3187 1300 3194 ·

109 3251 180 3317 gata
205 3242 347 3323 ἐμνήσατο
374 3245 515 3304 discedas.
556 3245 680 3303 Videtur
704 3263 777 3304 suae
801 3247 908 3305 aetatis
932 3264 1027 3306 mores
1052 3250 1231 3322 potissimum

35 3372 38 3377 ·
110 3344 267 3411 spectasse,
290 3354 346 3409 qua
367 3339 503 3397 dedecori
523 3340 656 3411 maximo,
677 3346 710 3398 ut
728 3339 885 3399 hodiedum
906 3343 1003 3414 etiam,
1024 3342 1186 3416 duceretur,
1205 3346 1230 3402 si

107 3448 166 3504 qua
187 3433 280 3509 sinum
301 3438 330 3492 et
351 3449 488 3491 mammas
509 3432 683 3502 denudaret,
711 3439 744 3490 ut
767 3434 823 3492 hoc
847 3434 931 3493 modo
957 3435 1078 3494 aliorum
1104 3434 1230 3496 favorem
1337 3434 1340 3440 ‘

107 3526 164 3583 sibi
192 3527 368 3613 conciliaret.
409 3526 510 3585 Talem
535 3525 624 3586 fuisse
650 3528 779 3586 auctoris
800 3532 938 3600 mentem,
963 3528 1048 3587 modo
1073 3530 1231 3602 inspexerit

108 3635 222 3677 versum
245 3627 299 3679 152
321 3627 439 3680 et153:

295 3736 331 3796 ‘ll
347 3735 374 3795 δ’
399 3734 484 3796 ἑανὸν
501 3737 687 3814 βαθύκολπον
707 3736 745 3805 ἔς
759 3737 841 3818 ήέρα,
862 3737 1035 3817 γυμνώσασα

300 3829 414 3904 κόλπον,
436 3827 587 3910 α’νῃώρήσε
608 3831 655 3888 καλ
676 3828 730 3889 ούκ
748 3829 897 3910 ᾐδέσσατο
918 3830 1034 3909 Κύπρις,

106 3957 156 4027 qui
177 3963 265 4029 neget
284 3959 379 4016 nullus
400 3961 483 4017 erit«.
523 3960 683 4032 Vulgatam
699 3961 795 4019 Nouoi
815 3961 948 4033 exemplo
966 3961 1057 4018 tuitus
1078 3966 1122 4018 est
1143 3960 1230 4019 etiem

107 4048 235 4122 Bekker,
257 4052 362 4110 colluto
383 4051 467 4110 Dion.
482 4052 553 4111 XXI
574 4060 628 4112 109
650 4051 704 4109 καθ’
717 4049 773 4110 ote
792 4047 934 4132 ἐμνήσατο
950 4051 1057 4130 μοζού,
1083 4061 1113 4112 et
1132 4054 1230 4113 XXIII
