2880 4606
611 332 821 394 ..45-

157 517 293 589 scriptum
308 521 396 575 extat.
428 516 581 575 (laetorum
601 532 626 573 v.
643 523 678 575 66
700 530 754 588 ego
766 516 823 574 huc
837 516 1002 588 transposui
1016 532 1080 575 cum
1100 517 1130 574 in*
1152 517 1281 578 secunda

155 609 270 668 Lehrsii
281 611 408 670 editione
419 614 486 682 post
494 608 611 667 Iunonis
626 613 656 666 et
666 608 786 666 Veneris
800 609 974 667 mentionem
983 609 1082 681 inepte
1094 608 1209 668 dicatur
1222 610 1277 667 Iu-

156 704 237 782 noni
251 704 305 762 soli
318 721 374 762 uon
387 704 509 763 cessisse
523 702 664 759 Minerva.
696 702 806 759 Eadem
821 708 891 774 puto
912 718 1000 760 cansa
1014 709 1109 761 motus
1123 703 1282 763 Schneider

155 798 184 854 in
197 813 255 856 rec.
270 815 298 870 p.
315 805 368 868 195
383 794 436 875 ἤδη
456 799 497 866 (l)
518 791 544 851 δ’
563 791 596 851 οὐ
611 795 656 853 vel
671 797 751 872 τῇσιν
765 791 797 850 δ’
812 793 846 852 οὐ
866 812 920 868 pro
939 815 993 872 ηρη
1014 793 1041 851 δ’
1067 792 1100 852 οὐ
1115 796 1282 856 dubitanter

156 891 286 950 coniecit.
306 891 421 949 Maiora
430 890 545 948 molitus
559 887 751 946 estTournier
760 906 787 961 p.
798 896 884 947 15.16
899 904 986 960 aegro
997 886 1093 946 ferens
1104 907 1159 949 uno
1171 896 1281 947 tantum

111 1022 113 1026 ·
155 984 296 1042 versiculo
317 983 353 1041 de
367 984 499 1040 Minerva
512 983 569 1054 agi,
591 981 702 1040 duobus
724 986 821 1039 autem
845 981 881 1039 de
895 981 1003 1041 lunone
1019 989 1048 1041 et
1062 983 1183 1054 Venere,
1197 983 1281 1040 simul

156 1093 181 1136 v.
193 1074 293 1135 65·καλ
305 1071 392 1152 ἤθελε
407 1073 553 1151 ληΐζεσθαι
573 1075 610 1132 ad
624 1075 786 1135 Minervam
796 1069 932 1151 Ἀρελείην
952 1076 998 1132 vel
1011 1070 1124 1153 Ἂηεληίν
1146 1079 1191 1145 (ut
1203 1075 1280 1148 apud

157 1169 313 1229 Cornutum
332 1176 451 1228 vocatur
470 1187 499 1242 p.
516 1171 569 1228 187
591 1158 639 1227 ed.
664 1169 748 1240 Gale)
775 1169 904 1227 alludere
925 1175 1038 1242 putans.
1080 1170 1169 1228 Simul
1189 1169 1281 1227 minus

156 1268 224 1337 apte
238 1264 448 1322 bellicosiorem
469 1263 564 1338 [quasi
585 1259 737 1339 ἀρειοτέρη
757 1279 813 1321 non
834 1262 912 1324 idom
928 1268 1006 1321 osset
1026 1268 1113 1333 atquo
1133 1259 1280 1336 ἀρείνωνι]

157 1359 280 1417 caeteris
301 1356 410 1415 deabus
423 1357 565 1415 Venerem
586 1358 615 1413 in
635 1357 753 1428 vulgata
774 1357 919 1429 scriptura
936 1356 993 1414 dici
1008 1361 1095 1426 atque
1114 1352 1282 1430 ἀρειοτέρης

155 1451 302 1523 epitheton
322 1451 472 1509 Minervae
492 1451 588 1524 potius
609 1450 761 1509 convenire
785 1466 820 1509 ex
849 1451 951 1510 Nonno
965 1450 1050 1508 Dion.
1064 1449 1121 1506 XX
1141 1455 1195 1507 215
1216 1465 1282 1520 pro·
1347 1520 1354 1525 ἡ

145 1544 248 1602 'barim

566 1640 652 1708 Εἶδες
668 1641 782 1722 ’Λθήνην

194 1738 280 1794 παῖδα
300 1735 367 1804 Διὸς
387 1736 502 1818 θήλειαν
522 1736 689 1815 ἀρειοτέρην
711 1736 855 1795 Διονύσου.
896 1738 1023 1810 Scripsit
1042 1737 1145 1811 igitur:

188 1826 256 1908 Ἥρη
273 1829 327 1906 μὲν
347 1831 515 1913 παράκοιτις
534 1830 711 1907 ἀγαλλομένη
734 1830 800 1896 Διὸς
820 1830 886 1912 εὐνῇ

194 1921 294 1979 ἵστατο
315 1921 503 2002 θαμβήσασα·
524 1922 573 1979 καλ
592 1918 680 1998 ἤθελε
701 1922 848 1998 ληιῖεσθαι

166 2041 169 2046 ’
195 2014 314 2073 πασάων
330 2011 451 2093 hastath
470 2015 622 2092 ἀρειοτέρη
635 2019 772 2091 γεγαυῖα·

194 2199 283 2275 μῆλον
303 2195 381 2278 ἔχειν
401 2196 543 2276 ἐπόθησεν
566 2203 639 2270 (scil.
661 2202 771 2272 Venus)
794 2199 838 2257 ὅτι
860 2199 967 2277 κτέρας
987 2200 1064 2258 ἐστὶν
1081 2198 1222 2278 Ἐρώτων.

191 2285 305 2372 Ἥρη’θ’
330 2289 364 2348 οὐ
380 2291 510 2370 μεθέηκε
531 2294 604 2364 (soil.
625 2294 745 2366 Veneri)
766 2293 815 2351 καλ
838 2291 891 2372 οὐχ
913 2292 1042 2352 ὑπόεικεν
1059 2291 1166 2372 Ἀθήνη.
1240 2344 1242 2349 .

158 2420 216 2481 Sed
246 2424 288 2480 ita
318 2438 430 2494 quoque
455 2428 556 2482 contra
579 2425 776 2496 symmetriam
807 2431 960 2498 peccatur,
985 2440 1051 2480 nam
1074 2422 1145 2482 Iuno
1169 2439 1282 2496 quoque

157 2514 263 2572 malum
289 2514 455 2574 desiderare
481 2515 595 2588 debuit,
625 2519 700 2576 sicut
724 2516 855 2576 iecerunt
885 2518 914 2574 in
940 2515 1125 2588 sequentibus
1149 2517 1282 2574 Minerva

105 2681 108 2687 .
158 2612 188 2665 et
201 2608 304 2666 Venus.
338 2608 436 2667 Etiam
456 2609 614 2668 Schneider
634 2611 663 2667 in
683 2627 741 2669 rec.
764 2629 791 2683 p.
816 2618 869 2670 195
891 2609 1043 2669 Tournerii
1063 2609 1210 2667 inventum
1230 2610 1281 2668 im·

157 2752 298 2824 probavit.
322 2785 352 2794 -
378 2751 418 2811 at
433 2749 460 2809 δ’
479 2771 533 2812 om.
548 2755 596 2826 M3
616 2774 668 2811 ατε
681 2755 723 2827 M,
744 2752 796 2812 ἄτε
810 2756 842 2828 Ρ,
864 2718 935 2832 ἄτεερ
951 2756 1001 2826 W3
1022 2753 1171 2831 ἀρειοτερη
1184 2752 1231 2822 Μ;
1244 2783 1281 2794 -

159 2893 200 2953 68
211 2913 282 2971 κτερ
300 2891 377 2952 ἐστὶν
390 2893 509 2975 ἐρωτων
519 2899 565 2970 Μ;
579 2932 609 2940 -
626 2896 668 2957 69
681 2898 747 2956 λδῶν
763 2900 868 2971 καιΜ;
888 2898 992 2964 παῖδας
1007 2900 1044 2970 Q3
1066 2859 1194 2960 καλέιλας
1206 2894 1282 2966 ΜΡ;

158 2986 285 3053 καλέσας
300 2987 363 3060 OQ.
395 2989 440 3047 De
460 3008 504 3048 vv.
520 2998 564 3050 69.
581 2989 616 3051 to
636 2993 709 3050 haec
732 2993 878 3050 Hermann
898 3011 926 3066 p.
943 3000 978 3050 12
1006 2992 1105 3049 »Haec
1127 2994 1158 3048 et
1180 2988 1283 3046 scabra

158 3087 203 3139 est
223 3087 252 3140 et
272 3082 376 3140 vitiosa
394 3083 497 3143 oratio.
529 3085 630 3157 Quam,
654 3086 710 3143 nisi
723 3086 881 3145 omittendo
895 3092 1046 3159 peccatum
1061 3090 1114 3156 est,
1137 3082 1213 3155 quod
1226 3098 1282 3141 non

158 3179 203 3233 est
222 3176 387 3249 verisimile,
408 3177 450 3235 sic
470 3179 596 3250 corrige:

310 3283 384 3352 Ζεὺς
403 3285 437 3344 δὲ
457 3285 555 3345 θεάων
576 3291 670 3354 νεῖκος
691 3287 767 3358 ἰδών,
788 3286 819 3346 ὃν
839 3288 926 3345 παῖδα
945 3284 1095 3353 καλέσσας

311 3380 387 3463 τρῖον
406 3377 624 3459 ὑποδρησσοντα
644 3380 832 3454 προσέννεπεν
848 3379 1028 3458 Ἕρμάωναι.

160 3488 251 3558 Quam
276 3489 470 3549 coniecturam
491 3507 509 3548 a
528 3492 651 3550 Lehrsio
678 3498 827 3566 receptam
849 3493 1195 3565 etaTournerio-p.16
1217 3509 1283 3565 pro·

158 3580 255 3640 batam
275 3581 378 3641 falsam
399 3599 463 3641 esse
483 3584 550 3643 inde
572 3593 711 3658 apparet,
742 3586 819 3659 quod
838 3587 958 3645 Nonnus
985 3588 1104 3659 eiusque
1124 3590 1283 3644 sectatores

158 3677 355 3748 monosyllaba
375 3678 404 3735 in
425 3678 541 3737 brevem
561 3680 689 3739 vocalem
709 3686 739 3738 et
756 3685 960 3739 consonantem
975 3681 1130 3739 terminata
1143 3695 1282 3750 nusquam

157 3770 188 3826 iu
207 3770 297 3841 tertii,
318 3771 413 3841 quarti
434 3772 480 3829 vel
500 3773 591 3844 quinti
613 3773 697 3845 pedis
718 3773 794 3831 thesi
815 3780 987 3846 posuerunt,
1009 3789 1083 3845 quae
1104 3771 1284 3832 Scheindleri

158 3867 203 3920 est
234 3861 398 3921 observatio
423 3865 453 3921 in
478 3863 645 3923 Zeitschriit
670 3863 717 3922 fiir
743 3866 982 3923 bsterreichische
1008 3865 1182 3936 Gymnasien
1209 3866 1282 3924 1879

157 3973 187 4028 p.
201 3961 258 4013 422
269 3971 311 4026 sq.
329 3986 365 3996 —
388 3955 524 4016 »Poterat
538 3957 719 4030 [Hermann]
740 3974 797 4016 una
810 3959 968 4017 mutatione
983 3955 1101 4029 defungi
1114 3974 1167 4031 pro
1181 3958 1282 4017 tribus.

161 4049 224 4120 quis
245 4051 320 4108 enim
341 4049 405 4108 iure
425 4050 633 4123 vituperaverit
653 4053 730 4111 hanc
749 4052 888 4112 orationis
908 4048 1041 4109 formam:
