2880 4606
602 303 836 368 -125-

310 485 409 569 πρώτη
432 485 586 565 Τρωὶάδων
606 486 780 567 Κασσάνδρη
799 487 932 566 φοιβὰς
954 487 1080 546 ἰδοῦσα

311 579 420 658 κάσρον
440 578 539 640 ἅπαντ’
564 580 619 639 ἀπὸ
640 580 749 659 κρατὸς
769 577 880 661 ἔχευεν,
900 576 986 640 ἔλυσε
1006 579 1040 640 δὲ
1059 581 1173 661 χαίτας,

309 673 398 756 πάντη
417 673 449 732 δ’
468 671 541 734 ἔνθα
561 673 609 733 καλ
629 670 702 733 ἔνθα
721 672 889 755 ἑλισσομένη
909 675 972 752 περλ
991 673 1115 753 πύργους

298 767 424 827 ’πυκνὰ
443 767 551 846 κόμην
571 768 740 827 τίλλουσα
760 772 835 827 τοῖον
856 767 960 850 ἐπέσχε
976 769 1079 846 μῦθον.

153 895 304 957 Hermann
323 914 352 970 p.
367 903 403 956 22
423 893 595 975 Κασσάνδρη
615 893 787 974 θεόφοιτος,
812 892 861 954 ἀπ’
890 895 1073 975 ἀκροπόληος
1099 895 1200 955 ἰδοῦσα
1219 915 1278 958 om·

154 991 224 1051 nino
244 989 426 1050 scribendum
447 1007 511 1050 esse
531 992 603 1052 dixit
621 992 763 1065 probante
782 992 941 1051 Tonrnerio
962 1010 990 1065 p.
1005 999 1051 1065 48,
1072 1009 1165 1064 neque
1184 997 1282 1051 temen

155 1083 304 1158 vulgatam
328 1082 459 1158 deseruit
482 1086 585 1145 Lebrs.
624 1085 690 1158 Ego
716 1084 868 1163 νεόφοιτον
898 1088 1000 1160 scripsi
1026 1086 1063 1145 ad
1089 1087 1281 1160 Tryphiodori

155 1175 338 1249 hctzacqne
370 1179 544 1252 exemplum,
574 1177 627 1237 sed
650 1175 808 1255 dedpoccoc
831 1177 972 1237 reducere
1001 1195 1058 1238 non
1089 1195 1151 1236 sum
1178 1195 1277 1252 eusus,

157 1287 221 1331 cnm
240 1270 329 1330 etiam
348 1271 377 1328 in
397 1272 563 1345 vulgaribus
576 1271 773 1344 Trypbiodori
794 1272 940 1331 codicibus
961 1269 1112 1347 νεάφυιτος
1132 1275 1220 1330 extet.
1245 1304 1279 1314 —

156 1359 203 1423 λα’
226 1363 311 1425 codd.
331 1370 362 1424 et
385 1364 450 1424 edd.
471 1381 569 1424 omnes
593 1371 712 1438 praeter
737 1365 936 1439 Stephanum,
963 1366 1012 1438 qui
1037 1364 1180 1438 probante
1205 1365 1279 1423 Her-

156 1474 261 1520 manno
279 1476 308 1533 p.
324 1466 361 1519 22
381 1464 411 1518 et
429 1460 589 1519 Tonrnerio
610 1477 638 1533 p.
653 1465 708 1532 48,
734 1464 814 1519 recte
840 1457 891 1516 ἀπ’
912 1448 1011 1518 edidit
1051 1460 1085 1516 In
1104 1459 1235 1531 margine
1255 1458 1280 1517 P

156 1551 230 1629 libri
245 1547 298 1610 ἀπ’
317 1568 432 1612 erasum
452 1569 517 1612 esse
536 1553 660 1612 videtur.
680 1587 717 1596 —
738 1553 919 1633 ἀκροπολῆος
932 1555 973 1623 Μ,
995 1550 1174 1630 ἀκροπυληος
1187 1552 1227 1623 V;
1248 1584 1281 1593 -

157 1644 219 1706 898
240 1644 339 1724 τροῖης
359 1643 386 1704 δ’
409 1647 451 1720 Μ,
472 1648 551 1727 τροίη
571 1644 598 1704 δ’
623 1665 658 1707 ex
679 1648 758 1727 τροίη
778 1646 808 1705 δ’
830 1648 866 1721 03
886 1647 948 1726 τοίη
962 1649 1000 1720 Q3
1021 1644 1049 1704 δ’
1073 1652 1176 1721 postea
1196 1645 1278 1704 addi-

157 1745 220 1800 tum
239 1746 286 1800 est
303 1741 334 1799 in
352 1741 394 1813 N3
414 1739 560 1818 υάιδύμον
580 1742 628 1815 Μ;
651 1742 762 1801 πολέων
786 1744 819 1801 Μ
845 1750 874 1802 et
895 1743 960 1802 edd.
981 1749 1049 1801 ante
1069 1743 1208 1815 Lennep,
1229 1740 1277 1797 πό-

159 1831 233 1892 λεων
246 1833 280 1906 V,
299 1832 410 1911 πηλέων
425 1835 464 1907 Q}
484 1819 599 1914 κληῖδος
611 1836 653 1909 Μ,
679 1836 797 1915 κληῖδας
810 1838 844 1910 V,
865 1836 982 1915 κληῖδας
1001 1830 1249 1908 AGLNPQSW
1262 1854 1281 1888 υ

158 1926 241 1986 Harl.
261 1959 300 1970 -
319 1925 383 1989 394
396 1927 681 2007 δεξατυνοστησαντα
694 1931 740 2002 Μ;
760 1930 872 2008 πολίτην
886 1932 960 2004 MQ.
990 1932 1183 2004 Subscriptio:
1199 1925 1283 1992 τέλος

158 2022 212 2102 τῆς
236 2022 288 2101 τῆς
313 2022 376 2096 (τοῦ
396 2025 435 2095 R)
460 2020 559 2102 ἑλένης
584 2021 695 2145 (ξλένης
716 2025 749 2095 G)
776 2024 905 2105 άυπαγης
928 2025 1096 2096 AONQR,
1122 2021 1207 2087 τέλος
1233 2023 1284 2100 τῆς

160 2150 212 2230 τἠς
231 2147 361 2228 ἁρπαγῆς
381 2152 433 2230 τῆς
450 2145 551 2229 ἑλένης
569 2152 724 2212 κολουθίου
744 2154 782 2223 L,
809 2151 893 2220 τέλος
918 2156 970 2210 τοῦ
994 2151 1058 2228 περλ
1082 2151 1134 2230 τῆς
1153 2148 1283 2227 gebarde

161 2244 213 2324 ἧς
232 2243 432 2321 καλλίπάρεῑος
450 2241 549 2324 §temp
569 2246 641 2321 SW,
665 2244 718 2305 ἐπὶ·
730 2246 861 2325 φούσκης
881 2265 1045 2324 κρατουοης
1064 2246 1103 2318 P,
1128 2241 1212 2307 τέλος
1231 2244 1285 2298 τοῦ
1405 2273 1408 2278 ·

160 2335 296 2397 έπυποιοῢ
315 2343 368 2396 τοῦ
388 2335 538 2398 Κολούθου
559 2344 612 2397 τοῦ
626 2338 740 2420 Ἑλένης
760 2339 872 2420 donar&
893 2339 1061 2417 λελεγμένου
1082 2337 1117 2397 G.
