2880 4606
608 331 822 407 '-9a-

147 527 231 586 liam
252 527 329 599 quod
349 526 390 584 ibi
410 529 439 584 in
460 529 590 587 oratione
611 533 715 601 poetae
729 529 767 587 ad
780 529 895 587 Musam
914 535 1024 587 rectum
1045 530 1092 602 ist,
1112 530 1159 588 hic
1174 531 1212 589 ad
1225 529 1279 590 Pa·

154 621 248 679 ridem
276 620 312 678 ab
333 620 447 678 Helena
472 621 547 679 male
573 621 686 679 dicitur.
726 621 800 680 Mihi
825 622 893 681 olim
917 623 946 679 in
971 629 1095 681 mentem
1121 625 1201 683 venit
1220 620 1282 681 εἶπέ

157 732 189 769 τε
207 710 370 790 φύτληνι.
402 712 570 772 Graefius
587 731 615 787 p.
637 720 701 772 254.
733 714 791 773 Sed
816 713 914 774 confer
933 716 1091 774 Hermanni
1112 718 1280 791 explicatio·

155 823 221 865 nem
243 822 332 879 supra
352 822 370 864 a
389 823 435 864 me
455 807 640 864 allat.-am
662 803 794 864 269
741 804 823 882 ἀγ
796 808 901 885 αΐ;ηΜ
921 804 1024 873 ἔοικας
1038 807 1136 887 αριζη
1138 809 1224 882 ωΜ;
1246 843 1278 852 -

159 897 224 959 270
246 895 385 975 ἀλλατέην
405 918 421 955 o
423 894 511 955 dmhl’
530 897 772 975 dpdpyelocorM3
794 899 910 960 -271
930 902 1006 960 hunc
1025 918 1138 961 versum
1162 919 1201 962 ex
1220 904 1281 963 solo

158 993 192 1050 M
216 990 333 1049 reduxit
355 990 489 1063 Bekker3
509 990 534 1047 θ’
557 987 725 1065 εὐκάμωνος
750 997 779 1051 et
766 991 864 1051 tolia
887 993 928 1052 Μ.
972 994 1087 1053 Postv.
1112 1002 1167 1055 269
1188 1002 1282 1055 trans·

161 1087 261 1158 posuit
279 1085 356 1143 hunc
369 1101 483 1142 versum
497 1085 598 1157 iulien,
619 1102 682 1142 cum
699 1086 728 1142 in
742 1087 882 1159 oratione,
903 1088 932 1144 in
947 1104 1004 1159 qua
1017 1088 1131 1146 Helena
1143 1104 1175 1148 se
1189 1090 1281 1163 ipsam

158 1183 227 1251 post
245 1177 467 1249 unumquodque
487 1194 655 1250 responsum
676 1176 794 1249 refutet,
812 1181 910 1253 priore
923 1181 986 1239 loco
1003 1181 1060 1240 dici
1075 1182 1181 1242 debeat
1200 1183 1281 1242 novi

159 1275 275 1330 totam
290 1271 525 1330 Deucalionis
542 1277 696 1344 gentem,
717 1274 878 1344 posteriore
892 1280 988 1331 autem
1003 1275 1065 1334 loco
1082 1275 1144 1333 sed
1165 1281 1200 1334 te
1214 1292 1282 1334 uon

158 1365 252 1422 novi.
296 1366 352 1422 »At
375 1379 413 1421 ne
438 1364 479 1420 sic
505 1364 619 1435 quidem
645 1365 807 1437 elegantiae
833 1367 999 1424 consulitur,
1038 1367 1113 1425 Mihi
1132 1367 1282 1441 ponendus

158 1458 275 1516 videtur
296 1459 409 1529 [versus
431 1458 497 1531 271]
524 1464 591 1516 ante
611 1476 637 1516 ν.
660 1459 714 1518 273
738 1459 821 1533 [nunc
841 1461 908 1533 275]
929 1476 984 1531 quo
1004 1460 1067 1519 loco
1088 1477 1153 1518 eum
1172 1462 1233 1534 legi
1252 1467 1283 1520 et

156 1567 207 1609 res
229 1556 259 1610 et
281 1551 370 1610 verba
389 1551 562 1624 postulant«
602 1551 781 1610 Hermann
800 1570 829 1625 p.
850 1559 894 1625 19,
916 1558 946 1612 et
965 1554 1006 1612 sic
1025 1554 1203 1627 transposuit
1222 1570 1283 1612 var·

160 1660 222 1702 sum
244 1643 346 1701 Lehrs.
385 1644 477 1702 Recte
504 1645 650 1716 vulgatum
672 1662 804 1703 versuum
825 1647 955 1706 ordinem
976 1646 1106 1706 defendit
1126 1646 1284 1707 Schneider

160 1757 189 1811 p.
204 1744 271 1811 423,
292 1737 341 1795 ubi
361 1739 433 1796 haec
454 1738 490 1795 de
505 1738 664 1795 Hermanni
684 1741 922 1812 transpositione:
946 1746 994 1798 »at
1007 1740 1132 1798 Phthiae
1146 1741 1285 1800 memoria

159 1849 178 1890 a
197 1832 279 1890 Pelei
300 1837 331 1889 et
348 1831 476 1890 Patrocli
495 1830 674 1902 Achillisque
700 1833 844 1891 mentione
868 1850 924 1892 non
945 1833 1037 1905 magis
1063 1833 1162 1891 divelli
1186 1837 1285 1906 potest

161 1943 246 1999 quam
268 1943 286 1984 a
307 1926 371 1998 Pyli
395 1926 540 1983 mentione
567 1924 710 1983 disiuncta
735 1932 780 1984 est
804 1927 950 1986 Antilochi
976 1931 1162 1998 (quamquam
1186 1925 1284 1984 nescio

161 2036 233 2092 quas
263 2017 376 2077 fabulas
410 2025 526 2078 secutus
553 2019 736 2079 Telamonem
767 2036 879 2092 quoque
909 2020 946 2078 ad
972 2019 1107 2078 Phthiam
1136 2018 1285 2078 rettulerit

164 2112 336 2182 Colluthus).
366 2126 459 2182 neque
485 2116 571 2183 aptus
599 2110 635 2169 ab
656 2111 822 2170 Hermanno
847 2112 991 2184 expetitus
1016 2113 1096 2171 locus
1120 2113 1217 2170 versui
1241 2110 1285 2168 illi

165 2211 324 2280 propterea
344 2210 397 2275 est,
419 2204 496 2275 quod
516 2205 558 2262 ita
578 2205 801 2275 singularum
822 2204 950 2276 gentium
970 2205 1179 2264 enumerationi
1197 2205 1285 2261 inter·

161 2300 280 2374 ponitur
299 2299 389 2357 totius
407 2298 532 2357 nationis
547 2299 693 2356 memoria.
713 2313 779 2356 nam
794 2296 994 2362 Δευκαλίωνος
1007 2296 1142 2375 γενέθλην
1157 2296 1284 2356 Graecos

162 2408 262 2452 omnes
290 2389 451 2463 significare
472 2398 604 2465 apertum
624 2393 671 2450 ist.
712 2391 763 2451 sed
788 2393 883 2450 minus
904 2394 991 2451 etiam
1010 2391 1161 2466 probanda
1180 2389 1285 2448 iuliani

162 2490 210 2544 est
231 2485 406 2555 coniectura,
427 2485 682 2556 quiartesaeae
702 2486 837 2545 collocari
857 2488 937 2544 illum
954 2503 1067 2546 versum
1082 2485 1181 2558 voluit,
1202 2483 1285 2555 quasi

161 2594 230 2637 vero
258 2575 457 2642 Δευκαλίωνος
486 2577 606 2656 γενέθλη
637 2579 714 2652 apud
745 2579 822 2637 solos
847 2580 970 2652 Argivos
1000 2579 1124 2651 reperiri
1154 2583 1282 2651 posset«

163 2669 256 2730 Recte
276 2671 350 2729 haec
364 2671 529 2744 Schneider,
550 2673 606 2730 nisi
627 2672 703 2744 quod
723 2673 846 2730 iniuram
865 2671 935 2730 fecit
947 2673 1068 2744 Iuliano,
1089 2672 1138 2743 qui
1159 2675 1199 2744 (p.
1218 2674 1285 2742 134)

81 2768 89 2781 “
162 2765 286 2836 Argivos
308 2764 364 2823 hoc
382 2765 446 2824 loco
464 2782 518 2838 pro
532 2765 662 2824 omnibus
677 2764 796 2824 Graecis
812 2765 918 2822 dictum
934 2781 997 2824 esse
1010 2770 1100 2836 recte,
1120 2769 1200 2836 puto,
1221 2779 1286 2821 cen-

162 2857 229 2915 suit
273 2858 425 2918 Caeterum
446 2860 558 2931 nescio,
583 2876 621 2917 an
640 2865 707 2933 post
726 2877 751 2918 ν.
773 2860 829 2919 270
851 2859 991 2918 exciderit
1010 2856 1141 2929 aliquod3
1166 2873 1236 2914 sane
1256 2861 1288 2914 at

167 2947 304 3029 γενέθλην
323 2952 352 3009 in
374 2952 493 3011 duorum
519 2970 652 3011 versuum
679 2956 758 3012 exitu
777 2954 856 3013 nullo
876 2952 937 3011 fere
957 2952 1110 3010 intervallo
1130 2950 1287 3024 repetitum

165 3061 267 3118 param
279 3045 396 3118 elegans
409 3051 462 3116 est,
474 3052 539 3104 etv.
551 3048 605 3105 271
617 3063 670 3105 nec
681 3063 744 3104 cum
757 3045 955 3118 superioribus
965 3060 1019 3101 nec
1029 3060 1093 3102 cum
1103 3040 1287 3100 inferioribus

165 3138 237 3196 satis
258 3136 333 3195 bene
352 3154 442 3197 nexus
465 3154 528 3196 esse
548 3139 671 3198 videtur.
694 3172 726 3180 -
751 3136 814 3197 272
840 3136 925 3193 πόλιν
944 3136 1015 3207 AQ3
1040 3134 1227 3213 ημαθοεσσαν
1246 3133 1288 3206 Μ,

164 3226 369 3307 ἧμαθόδεσσαν
394 3229 436 3300 Β,
463 3227 544 3307 ἐχεις
562 3230 595 3286 Μ
602 3249 609 3301 ;
634 3225 821 3307 ἔχειενηλήϊον
842 3228 881 3300 Q3
906 3224 987 3291 οἶδας
1006 3227 1053 3297 Μ;
1079 3258 1114 3267 -
1142 3223 1202 3285 273
1224 3223 1288 3302 τέην

165 3323 214 3393 Μ;
235 3317 261 3378 δ’
287 3340 341 3382 om.
363 3322 446 3384 codd.
468 3323 539 3382 dett.
562 3329 591 3382 et
611 3323 676 3381 edd.
698 3328 765 3380 ante
779 3322 954 3394 Bekkerum,
974 3321 1022 3392 qui
1044 3336 1079 3377 ex
1093 3319 1127 3376 M
1146 3319 1288 3390 restituit3

165 3414 242 3472 εἶδον
263 3416 309 3487 Μ,
335 3411 399 3472 εἶθα
420 3416 455 3489 G,
479 3414 557 3493 εἶχεν
581 3435 634 3490 pro
660 3414 735 3473 εἶδον
760 3418 832 3475 coni.
858 3415 1000 3473 Tournier
1022 3432 1050 3486 p.
1072 3419 1125 3485 34,
1150 3412 1201 3470 sed
1225 3413 1288 3484 ipse

165 3508 249 3566 affert
264 3509 301 3568 ad
314 3511 461 3582 vulgatam
476 3510 614 3568 tuendam
628 3512 723 3570 Nonni
741 3509 944 3568 auctoritatem
957 3506 1067 3565 Metab.
1087 3524 1114 3579 p.
1132 3507 1195 3578 137,
1209 3522 1234 3561 ν.
1251 3512 1289 3564 34

165 3602 211 3660 ed.
231 3603 370 3664 Possem:
396 3601 444 3660 καὶ
472 3599 541 3679 ἐμὴν
567 3601 620 3660 οὐκ
644 3601 739 3667 εἶδες
758 3599 880 3678 ὀπωπήν.
903 3633 936 3642 -
960 3597 1023 3659 274
1043 3596 1186 3675 apros-hwa
1207 3594 1289 3674 γένος

165 3692 279 3772 ἀνδρῶν
292 3697 333 3754 Μ.
366 3697 440 3754 »Hic
459 3713 559 3755 versus
580 3698 604 3754 si
625 3714 681 3755 non
698 3695 938 3768 transponendus,
960 3693 1036 3766 quod
1057 3693 1094 3750 ad
1114 3697 1289 3749 structuram

166 3789 269 3847 saltem
287 3789 397 3862 pendet
417 3790 453 3848 ab
473 3785 555 3868 ἔχεις
574 3806 660 3848 versu
680 3798 763 3848 263.ιι
790 3790 945 3861 Lennep.
977 3789 1016 3845 Et
1030 3792 1097 3844 ante
1111 3787 1289 3858 superiorem

163 3898 280 3941 ¹versum
293 3884 392 3956 posuit
404 3882 497 3940 Inlien
510 3884 540 3939 in
556 3889 647 3955 textu,
668 3883 744 3954 quod
764 3883 826 3955 ipse
847 3887 951 3954 postea
971 3879 1143 3952 improbavit
1162 3880 1192 3936 in
1211 3880 1289 3938 notis

164 3982 278 4050 p.134‚
307 4009 343 4019 -
370 3974 431 4034 275
452 3973 641 4052 οὐδάπεγνικλ
622 3973 789 4032 νῖστονόλον
810 3972 892 4050 γένος
911 3971 1068 4029 αἷακίδαων
1091 3972 1199 4043 M3—
1226 3972 1289 4033 276

164 4068 281 4147 αγλαϊην
295 4066 482 4148 πηλίοςε
406 4070 452 4140 Μ,
467 4065 535 4126 ελύκ
500 4067 593 4146 κλείην
609 4070 764 4140 OLN3-
782 4066 842 4129 277
856 4065 1036 4143 πατρώκλοιο
1050 4066 1096 4124 Μ
1089 4064 1291 4151 ,ηνορέηνΜ

1054 4159 1086 4212 7¹}
