2880 4606
602 355 655 370 ·—
704 326 764 386 117
810 359 850 372 ·-

170 509 303 583 Dixerat,
328 510 359 568 ni
384 508 484 581 fallor,
513 510 699 569 Hermionam
724 526 822 571 somno
842 526 1011 584 oppressam
1033 517 1093 570 tarn
1114 512 1189 585 alto,
1214 517 1249 572 ut·
1268 512 1294 572 si

169 608 284 665 mortua
303 608 393 674 esset,
411 605 546 664 iacuisse.
576 605 660 664 Nunc
680 604 775 666 addit:
801 622 867 664 nam
887 606 913 664 si
933 605 1054 666 Somnus
1074 622 1170 666 comes
1188 605 1293 665 Mortis

169 703 226 772 est,
247 699 347 760 ambos
369 706 486 774 oportet
507 701 603 760 omnia
623 701 784 759 communia
803 706 916 772 nactos,
941 700 1057 759 maioris
1076 698 1175 759 fratris
1196 697 1293 759 fecere

167 789 288 851 officia«
331 793 371 852 Et
396 793 552 852 obsecutus
579 798 624 851 est
643 792 744 851 Lebrs.
785 791 892 852 Contra
914 792 1073 851 Hermanni
1098 793 1292 853 coniecturam

167 884 240 944 baec
253 885 416 946 Schneider
435 904 464 961 p.
479 894 547 946 410:
572 887 653 945 »Non
674 887 838 959 scripsisset
857 886 939 958 haec,
959 887 1069 960 opinor,
1090 887 1134 943 vir
1148 887 1291 960 egregius,

167 977 192 1035 si
211 979 284 1038 satis
305 979 483 1038 attendisset
503 979 541 1036 ad
560 980 691 1052 proxime
710 984 863 1050 sequentes
877 994 984 1051 versus,
1006 979 1055 1051 qui
1075 979 1150 1038 tales
1170 983 1250 1038 suut:

321 1100 386 1158 307.
419 1093 503 1157 ἔνθεν
524 1097 728 1176 ἀκηχεμένοισι
745 1096 938 1174 βαρυνόμεναι
955 1095 1128 1175 βλεφάροισι

415 1191 551 1258 πολλάκις
572 1188 742 1258 ὑπνώουσιν,
762 1189 812 1248 ὅτε
832 1191 971 1265 κλαίουσι,
992 1193 1133 1268 γυναῖκες,

166 1302 216 1369 ubi
236 1305 321 1368 ἔνθεν
345 1310 501 1384 significat,
525 1312 597 1370 haec
617 1327 633 1368 e
655 1310 851 1384 superioribus
876 1310 1075 1369 ratiocinando
1095 1308 1178 1369 effici.
1208 1310 1289 1382 atqui

166 1405 302 1463 mulieres
323 1405 443 1464 moestis
465 1411 601 1479 gravatas
622 1406 711 1463 oculis
732 1404 846 1476 quando
866 1404 1054 1461 lacrimantur
1078 1420 1166 1477 saepe
1186 1402 1289 1463 obdor-

165 1497 301 1570 miscere,
328 1497 382 1556 hoc
410 1498 550 1569 quomodo
577 1497 694 1563 taudem
718 1497 858 1569 quispiam
878 1496 1052 1556 ratiocinare
1071 1497 1164 1570 possit
1189 1512 1288 1570 exeo,

166 1591 242 1664 quod
257 1590 378 1651 Somnus
393 1607 487 1650 comes
502 1593 542 1649 sit
555 1591 660 1650 Mortis
674 1597 762 1662 atque
776 1598 897 1662 uterque
913 1590 1014 1649 eadem
1029 1589 1124 1655 officia
1138 1595 1288 1664 praestet?

164 1685 251 1745 immo
271 1685 343 1743 illud
363 1691 396 1743 nt
416 1683 566 1757 efficiatur,
586 1701 705 1743 necesse
725 1690 769 1743 est
782 1685 811 1741 in
826 1684 1022 1758 superioribus
1036 1685 1209 1745 mentionem
1224 1692 1288 1747 esse

164 1777 271 1838 lectam
292 1777 518 1851 defatigationis
549 1780 647 1850 itaque
668 1779 710 1837 sic
729 1780 825 1852 potins
847 1779 954 1837 dixisse
972 1785 1088 1851 poetam
1107 1780 1285 1852 putabimus:

165 1873 321 1932 »inclinata
342 1875 454 1933 cervice
475 1872 643 1946 [Hermione
667 1873 839 1933 obdormivit
865 1873 987 1932 errando
1007 1873 1211 1945 querendoque
1237 1874 1287 1933 dc-

162 1964 253 2042 fessa]
274 1961 361 2032 ὕπνος
381 1964 442 2025 ἐπεὶ
463 1966 643 2043 καμάτοιο
664 1965 866 2043 συνέμπορος.ι
898 1967 1001 2039 quibus
1016 1968 1113 2025 statim
1134 1967 1216 2026 addit
1234 1983 1286 2026 cur

161 2059 333 2138 συνέμποροι
352 2077 472 2121 somnus
497 2070 527 2120 et
547 2059 718 2133 defatigatio
739 2062 796 2119 dici
816 2062 940 2135 possint:

800 2166 817 2248 l
837 2169 892 2247 κᾶν
913 2167 1024 2253 ἐτύχθη

368 2262 457 2342 ἄμφω
477 2263 624 2342 ἀναγκαίη,
646 2263 742 2344 ξυνήϊα
761 2262 852 2321 πάντα
872 2262 1024 2341 λαχόντε

367 2353 439 2435 ἔργα
459 2357 658 2435 παλαιοτέροιο
678 2356 858 2436 κασιγνήτοιο
879 2355 1002 2415 διώκειν.

160 2479 204 2537 sic
222 2478 298 2536 enim
318 2479 391 2537 haec
416 2478 570 2538 scribenda
595 2479 744 2551 videntur,
769 2479 872 2551 quibus
897 2478 951 2538 boc
975 2477 1046 2536 dicit
1069 2482 1170 2551 poeta:
1198 2494 1282 2537 »nam

158 2570 289 2647 profecto
309 2573 447 2631 ambobus
468 2573 627 2631 necessitas
640 2573 776 2646 imposita
796 2577 849 2645 est,
870 2578 903 2630 ut
920 2572 1081 2631 communia
1094 2572 1283 2632 omnianacti

161 2671 356 2739 exsequantur
375 2665 494 2738 Mortis,
520 2667 637 2724 maioris
662 2665 761 2725 fratris
786 2683 902 2740 operar
944 2667 1067 2725 Videtur
1090 2673 1188 2726 autem
1207 2668 1282 2727 hanc

160 2761 334 2819 sententiam
356 2760 505 2820 Oolluthus
526 2759 606 2831 apud
628 2760 814 2819 vetustiorem
835 2761 960 2832 aliquem
985 2766 1100 2833 poetam
1126 2761 1232 2833 legisse
1253 2766 1283 2820 et

146 2855 190 2912 ,iu
208 2869 269 2912 rem
291 2870 373 2911 suam
392 2855 583 2927 convertisse,
611 2859 642 2911 ut
667 2852 736 2913 fecit
756 2872 781 2913 v.
804 2861 859 2914 318
870 2870 950 2927 seqq.
976 2854 1098 2926 quodsi
1123 2861 1169 2913 est
1187 2855 1284 2928 potuit

159 2948 247 3007 etiam
266 2947 356 3006 verba
376 2943 465 3023 ἄμφω
487 2945 626 3026 ἀναγκαίη
646 2948 713 3006 inde
732 2949 901 3021 traducere,
926 2953 959 3005 ut
983 2964 1039 3006 non
1059 2949 1117 3007 iam
1136 2963 1225 3007 causa
1244 2948 1283 3007 sit

159 3057 212 3100 cur
231 3043 295 3114 quis
321 3059 383 3100 cum
406 3042 520 3103 Graefio
541 3030 669 3102 offendat
687 3043 717 3099 in
738 3048 872 3115 correpta
896 3042 997 3100 ultima
1020 3042 1126 3115 prioris
1149 3031 1282 3103 vocabuli

158 3136 279 3209 syllaba.
305 3177 312 3192 .
334 3180 341 3193 .
363 3179 370 3194 .
398 3137 534 3196 Ceterum
555 3136 631 3208 quod
656 3132 745 3212 ἄμφω
765 3136 854 3193 statui
878 3152 931 3208 pro
952 3133 1059 3213 ἀμφοῖν
1079 3152 1158 3207 esse,
1180 3153 1280 3196 consu·

156 3229 237 3288 leudi
249 3236 316 3289 sunt
328 3230 466 3290 Meineke
480 3230 522 3290 ad
537 3230 680 3289 Theocrit.
702 3248 731 3303 p.
746 3237 802 3289 316
821 3236 851 3288 et
863 3229 976 3303 chhly
989 3232 1026 3289 ad
1042 3231 1139 3303 Quint.
1169 3232 1280 3305 Smym.

157 3339 185 3395 p.
207 3329 271 3382 113.
312 3323 344 3383 Si
371 3325 420 3395 qui
445 3330 543 3393 tamen
570 3319 659 3399 ἄμφω
684 3339 740 3382 non
766 3321 916 3381 ferendum
940 3326 1118 3398 putaverint,
1144 3330 1281 3399 poterunt

156 3432 220 3475 cum
247 3415 361 3476 Graefio
387 3417 514 3476 scribere
540 3415 654 3493 duola«
697 3418 779 3475 Haeo
805 3417 921 3489 quidem
946 3417 1113 3477 Schneider.
1153 3419 1280 3479 Offendit

158 3516 313 3583 praeterea
326 3512 356 3568 in
370 3512 489 3583 vulgata
503 3513 655 3584 scriptura,
669 3511 746 3583 quod
760 3511 880 3570 Somnus
896 3511 1002 3571 Mortis
1017 3518 1047 3570 et
1059 3509 1237 3588 σονέμπορος
1250 3517 1280 3571 et

157 3602 328 3680 κασίγνητος
352 3605 466 3663 dicitur.
512 3604 607 3675 Quare
634 3603 839 3663 Schneiderum
865 3610 981 3664 secutus
1006 3621 1082 3674 sum,
1110 3606 1165 3665 etsi
1191 3621 1279 3679 aegre

155 3695 256 3772 leram,
281 3700 357 3771 quod
376 3716 431 3773 per
450 3701 513 3758 eius
534 3698 765 3758 emendationem
784 3700 864 3758 Mors
886 3701 973 3758 etiam
994 3696 1124 3774 καμάτου
1145 3698 1278 3777 κασίγνη-

155 3809 207 3856 τος
226 3792 332 3852 dicitur
353 3799 383 3851 et
401 3799 556 3867 praeterea
577 3793 673 3851 verbis
692 3789 893 3869 παλαιοτέροιο
917 3790 1099 3871 κασιγνήτοιο
1122 3808 1180 3851 non
1205 3792 1278 3852 satis

155 3890 291 3944 accurate
307 3885 461 3945 denotatus
482 3892 535 3944 est.
560 3918 593 3928 -
616 3886 748 3959 Denique
761 3886 903 3945 Tonrnier
921 3904 949 3960 p.
965 3893 1001 3945 46
1015 3889 1167 3958 postquam
1180 3887 1277 3946 multis

155 3977 293 4051 exemplis
318 3979 414 4038 allatis
439 3978 537 4038 docuit
562 3979 681 4037 ultimae
706 3979 833 4052 syllabae
857 3979 888 4036 in
913 3974 1001 4054 ἄμφω
1028 3984 1180 4052 correptae
1206 3979 1277 4038 nibil

153 4069 333 4131 difficultatis
358 4073 452 4132 inesse
478 4071 541 4144 (cfr.
570 4069 660 4149 ἄμφω
685 4071 871 4131 ἀεθλεύσοιτε
889 4073 982 4133 Noun.
1003 4073 1087 4134 Dion.
1107 4074 1191 4134 XLII
1211 4081 1275 4133 513.
