2880 4606
577 337 790 399 „11-

634 621 723 687 Besa.

491 705 904 1279 <u

209 1463 233 1529 O
256 1468 289 1528 et
309 1463 345 1544 L,
373 1464 427 1547 qui
449 1484 546 1548 saepe
568 1464 655 1530 inter
675 1486 708 1530 se
737 1465 945 1544 consentiunt,
973 1464 1070 1530 modo
1100 1465 1143 1530 ad
1165 1465 1194 1530 A
1212 1463 1248 1544 Q,

121 1573 218 1640 modo
252 1573 295 1638 ad
324 1573 393 1642 NR
421 1575 554 1658 propius
584 1576 740 1640 accedunt
769 1581 803 1641 et
831 1573 953 1640 nullam
982 1579 1103 1640 certam
1132 1576 1166 1639 in
1192 1574 1252 1639 hoc

122 1688 290 1748 stemmate
305 1685 414 1750 sedem
427 1683 564 1766 habent;
580 1684 609 1749 G
624 1684 741 1749 librum
757 1704 796 1749 ex
811 1684 951 1750 editione
967 1684 1162 1768 descriptum
1178 1704 1247 1750 csso

120 1794 187 1859 iam
211 1814 311 1876 supra
332 1795 449 1860 monui.
473 1833 515 1848 ψ
1093 1768 1099 1784 ’

208 1904 300 1982 Quod
322 1911 431 1970 autem
453 1905 496 1970 ad
519 1906 598 1971 artis
618 1905 748 1970 criticae
763 1925 862 1988 genus
879 1905 1028 1972 Colluthc
1053 1904 1253 1971 emendando

123 2014 344 2080 adhibendum
360 2017 510 2099 pertinet,
534 2015 628 2082 velim
643 2015 852 2082 recordentur
866 2016 1002 2082 lectores
1016 2017 1170 2082 miserum
1185 2037 1254 2082 oar·

122 2123 218 2190 minis
247 2130 366 2189 statum
397 2149 417 2191 a
444 2126 639 2192 Schneidero
667 2148 698 2209 p.
714 2127 898 2190 404-407
922 2125 1178 2209 eloquentissime
1201 2126 1255 2190 de·

123 2234 294 2317 scriptum,
318 2238 360 2314 et,
384 2236 469 2317 quod
491 2235 693 2300 Hermannus
716 2237 840 2319 primus
861 2235 1103 2316 animadvertit,
1131 2236 1164 2299 in
1187 2234 1254 2299 Col·

429 1057 490 1135 ΑΩ

122 2344 216 2410 lutho
244 2350 311 2410 tres
340 2346 481 2411 maxime
508 2346 762 2431 perturbationis
789 2346 903 2413 modos
924 2347 1075 2430 reperiri,
1105 2347 1146 2413 ab
1176 2347 1254 2430 ipsis

123 2461 321 2522 monstratos
351 2457 528 2537 codicibus,
565 2457 713 2538 lacunas,
747 2457 1012 2540 transpositiones
1045 2478 1194 2523 versuum
1222 2462 1255 2523 et

124 2586 239 2631 manus
267 2570 466 2634 correctoris.
512 2567 633 2645 Quibus
662 2567 960 2651 perturbationibus
989 2568 1016 2632 si
1046 2567 1182 2633 aliorum
1209 2567 1256 2632 in·

126 2677 228 2743 ventis
257 2677 339 2744 beno
365 2698 442 2743 usus
471 2679 646 2744 salutarem
675 2699 902 2763 nonnunquam
925 2697 1056 2744 manum
1078 2677 1255 2744 admovisse

126 2787 249 2867 credar,
273 2789 352 2853 satis
373 2808 424 2853 me
446 2788 558 2855 fecisse
581 2788 774 2855 arbitrabor.

211 2939 333 3026 Scripsi
355 2940 566 3025 Bndapestini
589 2942 655 3007 Cal.
678 2941 774 3010 Mart.
797 2961 826 3008 a.
849 2940 1119 3008 Mucccnxxx.

1037 3133 1088 3210 E.
1118 3129 1251 3210 Abel.
