2880 4606
607 325 822 387 ..24-

214 526 288 597 [230]
312 500 315 507 ⁴
359 508 390 575 εί
409 508 475 576 τινά
498 533 558 576 που
580 509 756 594 πολύολβον
778 508 823 574 ἐνί
850 511 946 596 Τροίη
968 508 1107 598 βασιλῆα

356 619 462 697 ἔκλυες
484 621 633 695 εὐώδινος
655 622 717 685 ἀπὸ
739 619 894 702 Κρονίδαο
916 620 1084 708 γενέδλης·

153 747 228 816 (205)
357 729 449 796 ἐνδεν
472 730 647 816 ἀριστεύων
669 730 805 815 ἐμφύλια
826 730 927 795 πάντα
949 731 1064 794 διώκω.

288 861 340 914 205
359 841 427 926 ελμί,
450 841 552 923 γύναι,
575 836 730 926 Πριάμοιο
753 839 951 928 πολυχρύσου
974 839 1063 926 φίλος
1085 840 1175 916 υίάς·

357 952 418 1035 είμὶ
439 951 475 1015 δὲ
497 950 717 1039 Δαρδανίδης*
736 952 754 1013 ό
776 950 814 1014 δὲ
835 951 1000 1035 Δάρδανος
1021 950 1056 1015 ἐκ
1077 952 1148 1026 Διὸς
1169 951 1235 1040 ήεν,

214 1076 287 1145 [295]
357 1060 457 1147 ᾦκαλ
476 1060 533 1126 ἀπ’
559 1060 731 1145 Οὐλύμποιο
754 1061 823 1125 δεοὶ
846 1060 994 1147 ξυνήονες
1016 1061 1143 1147 ἀνδρῶν

357 1171 483 1236 πολλάκι
504 1170 675 1259 δητεύουσι
697 1173 746 1235 καὶ
768 1170 923 1235 ἀδάνατοί
943 1193 1003 1256 περ
1027 1170 1142 1246 ἐόντες.

152 1297 226 1365 (290)
358 1281 403 1345 ὧν
426 1283 465 1346 τὰ
483 1282 541 1367 μὲν
557 1281 713 1369 ήμετέρης
735 1274 907 1368 δωμήσατο
931 1280 1033 1369 τείχεα
1055 1280 1177 1368 πάτρης

288 1410 341 1462 290
360 1390 461 1480 τείχεα
480 1395 525 1481 μή
548 1392 705 1472 πίπτοντα,
728 1391 915 1457 Ποσειδάων
937 1393 987 1456 καλ
1006 1389 1166 1470 Ἀπόλλων,

356 1613 455 1697 αύτδιρ
479 1612 552 1696 ἐγὼ,
574 1613 728 1695 βασίλεια,
752 1612 938 1686 δικασπόλος
960 1613 1019 1696 είμλ
1042 1611 1176 1677 δεάων·

213 1736 286 1807 [290]
357 1724 406 1786 καὶ
428 1725 489 1806 γὰρ
513 1723 739 1810 ἀκηχεμένησιν
761 1721 964 1808 ἐπουρανίησι
984 1721 1128 1802 δικάζων,

358 1831 520 1916 Κύπριδος
541 1834 669 1920 ἀγλαΐην
692 1836 741 1897 καὶ
763 1832 921 1920 ἐπήρατον
943 1826 1043 1919 ήνεσα
1061 1831 1216 1919 μορφήν·

152 1961 226 2028 (295)
357 1945 378 2032 ή
400 1944 437 2007 δὲ
459 1943 684 2031 περικλήϊστον,
707 1944 792 2027 ἐμῶν
815 1942 958 2016 ἀντάξιον
980 1941 1093 2027 ἔργων,

289 2073 340 2125 295
358 2053 482 2142 νύμφην
504 2053 695 2140 ἱμερόεσσαν
718 2054 786 2137 ἐμοὶ
808 2053 992 2117 κατένευσεν
1015 2052 1164 2132 ὀπάσσαι,

355 2167 394 2253 ήν
411 2161 533 2252 Ἑλένην
556 2165 708 2244 ἐνέπουσι,
732 2164 916 2253 κασιγνήτην
937 2163 1127 2252 Ἀφροδίτης,

215 2293 289 2363 [295]
360 2276 399 2365 ἧς
420 2274 523 2344 ἕνεκεν
546 2275 675 2363 τέτληκα
698 2277 747 2339 καὶ
769 2274 901 2359 οἴδματα
924 2274 1031 2339 τόσσα
1053 2279 1198 2362 περήσαι.

359 2385 456 2470 δεῦρο
478 2385 579 2469 γάμον
602 2381 799 2469 κεράσωμεν,
823 2385 890 2448 ἐπεὶ
911 2384 1069 2468 Ιίυδέρεια
1092 2382 1235 2451 κελεύει·

153 2512 227 2579 (290)
355 2494 400 2582 μή
420 2518 461 2579 με
483 2493 718 2582 καταισχύνειας
740 2494 817 2581 ἐμήν
840 2497 889 2557 καὶ
911 2493 1029 2577 Κύπριν
1052 2493 1191 2580 ἐλέγξῃς.

289 2624 342 2676 900
359 2604 414 2668 ούκ
435 2604 540 2691 ἐρέω·
563 2604 592 2668 τί
611 2605 648 2667 δὲ
670 2604 784 2669 τόσσον
807 2605 1013 2692 ἐπισταμένην
1036 2627 1074 2667 σε
1096 2602 1232 2683 διδάξω;

359 2714 453 2779 οἷσδα
475 2716 535 2800 γὰρ
558 2718 605 2792 ὡς
627 2716 785 2790 Μενέλαος
807 2715 973 2790 ἀνάλκιδός
995 2715 1061 2780 ἐστι
1082 2713 1242 2801 γενέδλης.

196 2842 289 2912 (900]
359 2825 395 2891 ού
419 2833 497 2891 τοῖαι
518 2826 667 2909 γεγάασιν
690 2827 723 2890 ἐν
744 2825 901 2911 Ἀργείοισι
922 2830 1085 2909 γυναῖκες·

359 2938 490 3021 καὶγὰρ
514 2936 756 3020 ἀκιδνοτέροισιν
779 2937 946 3021 ἀεξόμεναι
966 2936 1130 3019 μελέεσσιν

155 3065 227 3130 (295)
359 3048 489 3131 ἀνδρῶν
512 3047 593 3133 ήδος
616 3046 731 3136 έχουσι,
756 3046 844 3112 νόδοι
866 3047 900 3111 δ’
923 3048 1065 3130 ἐγένοντο
1089 3050 1239 3130 γυναῖκες.

291 3176 342 3228 905
397 3151 552 3238 ’Έννεπεν,
575 3160 594 3246 ή
612 3157 643 3221 δ’
663 3156 824 3240 ἐρόεσσαν
847 3157 896 3222 ἐπὶ
912 3155 1006 3245 χδονὶ
1028 3159 1125 3244 πῆξεν
1141 3154 1283 3242 ὀπωπήν,

359 3271 458 3357 δηρδν
481 3268 713 3356 ἀμηχανέουσα,
738 3269 786 3332 καί
808 3267 864 3331 οὐκ
884 3267 1032 3356 ήμείβετο
1057 3266 1172 3353 νύμφη.

218 3397 292 3466 [905]
363 3379 423 3463 όφέ
445 3379 482 3441 δὲ
504 3377 701 3467 δαμβήσασα
724 3377 819 3465 τόσην
839 3377 1015 3442 ἀνενείκατο
1039 3375 1170 3462 φωνήν·

402 3488 577 3573 Ἂτρεκέως,
601 3487 628 3551 ὧ
651 3490 743 3569 ξεῖνε,
766 3493 838 3574 τεής
861 3489 935 3551 ποτὲ
957 3487 1059 3574 τείχεα
1083 3486 1206 3574 πάτρης

155 3617 229 3685 (900)
362 3601 396 3663 τὸ
419 3601 489 3682 πρὶν
512 3597 717 3685 ἐδωμήσαντο
741 3597 927 3662 Ποσειδάων
951 3599 999 3661 καὶ
1020 3596 1185 3676 Ἀπόλλων;

292 3731 344 3783 310
362 3711 476 3798 ήδελον
499 3710 669 3775 ἀδυνάτων
691 3709 887 3792 δαιδάλματα
909 3711 993 3772 κεῖνα
1014 3713 1134 3794 νοῆσαι,

361 3825 410 3886 καὶ
432 3821 526 3906 νόμον
548 3820 703 3905 οἶονόμοιο
727 3819 891 3900 λιγύπνοον
913 3818 1110 3898 Ἀπόλλωνος,

220 3951 293 4020 [310]
364 3932 442 3997 ένδα
464 3931 666 4018 θεοδμήτοισι
689 3931 775 4013 παρὰ
797 3931 971 4015 προμολῇσι
994 3927 1121 3993 πυλάων

362 4043 505 4118 πολλάκις
531 4041 741 4106 εἰλιπόδεσσιν
763 4039 919 4126 ἐφέσπετο
941 4040 1053 4123 βουσὶν
1075 4037 1239 4103 Ἀπόλλων.
