2880 4606
600 312 834 376 -116-

155 502 262 564 Mortis
283 501 371 562 socia.
401 500 432 560 si
452 498 568 573 quidem
588 499 662 558 enim
682 499 808 558 existant
828 497 929 571 ambo,
949 513 1070 558 necesse
1090 505 1145 570 est,
1165 504 1215 574 ut,
1236 501 1283 558 cui

154 596 250 657 omnia
270 595 432 655 communia
453 593 625 667 obtigerint,
651 608 741 666 opera
765 593 883 652 maioris
903 598 974 651 natu
999 590 1098 651 fratris
1118 593 1277 652 imitetur«

156 684 240 748 ὕπνον
254 684 320 748 ἕλεν
331 687 467 747 θανάτοιο
480 685 655 763 συνέμπορον
669 687 759 746 voluit
769 686 916 746 Wemilte.
935 686 1030 744 lulien
1045 702 1081 745 ex
1093 686 1281 747 Boissonadii

155 782 323 844 coniectura
344 777 431 847 ὕπνος
455 776 519 859 ἔχει
540 779 678 838 θανάτοιο
704 777 882 855 οννέμπορος
908 778 1001 837 edidit
1027 779 1213 838 anacoluthia
1237 781 1280 838 in·

156 876 317 947 tolerabili,
343 880 376 934 ut
395 880 475 933 recte
495 874 568 932 vidit
587 890 689 932 censor
708 874 922 946 Gottiugensis‚
948 877 1040 933 totum
1066 873 1160 933 locum
1181 879 1279 933 autem

159 970 202 1029 sic
225 968 365 1030 vertendo
391 969 547 1041 expressit:
576 984 680 1040 »quum
705 983 772 1027 vero
797 968 965 1026 inclinasset
989 967 1131 1025 cervicem
1155 966 1278 1026 Somnus

158 1079 231 1123 eam
252 1063 349 1135 babet,
369 1062 436 1121 Leti
456 1062 563 1133 socius3
584 1062 609 1120 si
629 1063 705 1120 enim
725 1061 849 1121 eadem
868 1066 983 1119 matre
1003 1059 1076 1119 editi
1095 1065 1163 1119 sunt
1186 1062 1280 1133 ambo,

156 1171 280 1215 necesse
301 1160 354 1228 est,
374 1160 407 1212 ut
423 1154 580 1226 Somnus,
601 1155 651 1226 qui
670 1155 766 1213 omnia
786 1154 947 1212 communia
966 1154 1086 1212 sortitus
1107 1156 1161 1216 est.
1184 1155 1282 1228 Opera

156 1239 328 1321 antiquioris
348 1247 447 1306 fratris
468 1248 498 1317 (i.
514 1263 539 1306 e.
553 1247 633 1318 Leti)
655 1252 815 1306 exerceat«
846 1247 966 1305 Lacuna
980 1247 1074 1306 locum
1088 1247 1280 1322 depravatum

156 1358 221 1402 esee
241 1344 385 1402 sententia
400 1346 465 1400 erat
477 1343 604 1400 censoris
619 1341 825 1414 Gottingensis.
860 1340 955 1413 Certa,
977 1347 1009 1399 ut
1028 1341 1159 1414 putabat,
1183 1357 1278 1402 emen·

155 1435 274 1498 datione
294 1436 426 1496 Graefius
446 1456 475 1511 p.
497 1445 552 1498 256
573 1439 665 1496 locum
686 1437 728 1494 sic
748 1436 876 1509 scripsit:

312 1603 327 1638 a
350 1624 357 1639 .
380 1625 387 1640 .
408 1625 415 1639 .
570 1581 781 1640 ἀνακλίνασκε
801 1581 835 1640 δὲ
854 1579 949 1660 δεῳὴν

312 1671 431 1749 ὕπνος,
451 1672 521 1749 ἐπεὶ,
542 1674 679 1733 θανάτοιο
699 1674 876 1752 σονέμπορος
895 1674 995 1752 εἴπερ
1016 1672 1136 1755 ἐτύχθη,

310 1768 430 1846 ἀμφίς,
451 1768 598 1847 ἀναγκαίη,
619 1768 644 1838 ξ.
658 1790 685 1826 π.
703 1770 724 1826 l.
747 1777 801 1832 etc.

154 1914 360 1975 reclinabat
386 1915 465 1973 eius
490 1916 617 1975 collum
638 1916 795 1975 Somnus:
822 1931 915 1987 nam,
934 1915 972 1982 si
992 1915 1057 1972 ille
1082 1931 1198 1975 eomes
1224 1922 1279 1975 est

154 2009 298 2082 Mortis,
318 2025 471 2072 necesse
492 2016 559 2082 est,
581 2016 630 2081 ut,
652 2026 862 2069 communem
881 2025 957 2067 cum
976 2008 1093 2067 Morte
1113 2014 1278 2068 naturam

154 2107 294 2177 nactus,
315 2105 462 2163 seorsim
476 2102 589 2181 (ἀμφίς)
604 2121 745 2177 quoque
759 2105 849 2175 (solus
862 2119 916 2176 per
930 2103 975 2176 se)
995 2102 1088 2161 idem
1107 2119 1148 2161 ac
1161 2102 1279 2163 frater

153 2201 240 2256 natu
259 2198 370 2257 maior
390 2196 543 2257 efficere
563 2199 689 2271 possit.
725 2197 766 2257 Ut
785 2199 883 2269 itaque
904 2197 986 2255 Mors
1008 2195 1172 2255 moribundi
1192 2203 1280 2271 caput

153 2290 285 2362 inclinat,
305 2292 348 2350 ite
367 2291 443 2349 idem
462 2289 533 2349 fecit
553 2291 682 2350 Somnus.
723 2289 781 2350 Sed
802 2291 839 2348 de
866 2290 965 2349 formis
995 2288 1167 2361 quibusdam
1186 2292 1278 2350 levem

154 2383 364 2444 dubitationem
388 2384 458 2444 iacit
479 2386 548 2445 (lod.
573 2387 647 2444 Mut.
674 2402 709 2444 ex
732 2402 788 2457 quo
813 2394 898 2443 erunt
921 2383 1063 2457 fortasse,
1090 2384 1140 2457 qui
1165 2381 1278 2458 praeie-

153 2483 234 2537 rant:
255 2475 482 2555 στονάχιζεν·
504 2476 711 2535 ἀνακλίνεσκε
731 2477 765 2536 δὲ
785 2478 811 2535 δ.
840 2479 914 2537 Mihi
933 2484 1032 2538 tamen
1048 2479 1140 2536 tutius
1154 2477 1278 2552 videtur,

153 2570 302 2642 vulgatum
329 2569 505 2628 ἀνακλίνααα
529 2570 648 2631 fundum
672 2578 776 2646 putare
802 2574 923 2632 verioris
952 2572 1094 2632 lectionis.
1125 2612 1277 2629 ......

154 2664 294 2738 Superest
313 2664 431 2724 dubium
452 2665 488 2726 de
508 2666 645 2727 adverbio
665 2666 767 2744 ἀμφίς,
793 2683 857 2724 cum
877 2668 985 2725 tentari
1011 2666 1098 2725 etiam
1120 2667 1277 2739 potuisset:

154 2757 284 2836 ἀμφάδ’
309 2759 461 2837 ἀναγκαίη,
488 2778 526 2820 οο.
547 2758 640 2834 ἐστίν,
671 2768 795 2836 aperte
819 2778 969 2821 necesse
990 2767 1055 2820 est.
1095 2762 1279 2836 Importunus

153 2857 250 2912 tamen
273 2854 478 2927 apostrophus,
500 2857 555 2913 etsi
573 2855 753 2915 tolerabilior
770 2856 830 2929 illo,
852 2856 901 2929 qui
920 2849 1031 2914 ὕπνωσ’
1051 2856 1081 2914 in
1100 2857 1222 2929 vulgata
1238 2855 1278 2913 le·

152 2945 248 3006 ctione
273 2947 395 3006 obsidet.
428 2947 486 3007 Sed
506 2943 609 3025 ἄμφω
634 2948 733 3025 ἀναγκ.
759 2965 853 3021 neque
878 2966 979 3008 sensus
1007 2948 1155 3022 admittit,
1185 2963 1279 3021 neque

153 3041 299 3113 correptio
319 3042 425 3100 vocalis
446 3063 471 3097 ω
495 3042 552 3100 alio
573 3042 687 3100 Oolutbi
712 3044 843 3116 exemplo
864 3043 976 3101 adstrui
995 3047 1125 3117 potest«
1169 3040 1278 3101 Graefii

159 3134 354 3194 coniecturam
377 3136 551 3210 improbavit
568 3136 716 3196 Hermann
739 3155 767 3210 p.
790 3144 826 3195 22
851 3154 918 3197 nam
945 3138 1087 3211 »primum
1112 3135 1281 3210 impeditior

152 3227 226 3287 haee
248 3233 393 3290 structura
409 3230 562 3289 verborum
582 3235 640 3303 est,
664 3246 751 3302 quam
771 3247 828 3302 qua
851 3231 907 3290 hoc
933 3247 1026 3304 genus
1053 3236 1206 3306 poetarum
1234 3230 1277 3289 uti

154 3321 242 3394 solet3
266 3321 371 3381 deinde
396 3329 493 3382 autem
519 3322 712 3381 dvoxllaaoxe
737 3340 812 3396 quae
839 3326 920 3384 verbi
945 3325 1038 3389 torma
1063 3331 1280 3408 frequentativa

154 3420 207 3485 est,
228 3415 364 3474 abhorret
383 3416 419 3476 ab
439 3416 524 3476 buius
537 3417 593 3476 loci
613 3409 751 3477 ratione«
784 3419 880 3491 Quare
894 3420 1068 3500 Hermanno,
1093 3446 1197 3502 aquae
1216 3449 1279 3491 cum

155 3507 211 3567 hoc
229 3508 383 3582 participio
403 3511 597 3570 cohaerebant
622 3511 726 3582 verba,
751 3512 854 3570 deesse
879 3514 1021 3575 videntur.
1065 3521 1099 3580 ln
1120 3524 1157 3583 iis
1183 3532 1280 3585 autem

154 3616 230 3673 quae
250 3610 417 3676 sequuntur,
437 3606 462 3662 si
481 3611 598 3678 praeter
618 3602 706 3682 εὕτερ,
727 3606 803 3677 quod
823 3613 903 3667 reete
923 3626 942 3668 a
962 3610 1079 3674 Graeiio
1100 3620 1276 3694 restitutum,

151 3695 339 3770 participium
359 3697 445 3756 duale
464 3705 629 3772 reponetur,
649 3699 745 3758 omnia
765 3700 853 3772 plana
872 3707 954 3760 sunt:

300 3887 302 3891 .
359 3836 446 3906 ὕπνος
464 3837 526 3899 ἐπεὶ
545 3839 682 3900 θανάτοιο
702 3841 879 3921 σονέμπορος
898 3843 978 3925 εἴπερ
1002 3845 1123 3931 ἐτύχθη,

357 3933 446 4015 ἄμφω
466 3933 604 4012 ἀναγκαίη
624 3932 721 4015 ξυνήϊα
740 3934 832 3995 πάντα
853 3938 975 4018 λαχόντε

357 4024 430 4108 ξυνα
449 4028 647 4107 παλαιοτέροιο
667 4029 850 4109 κασιγνήτοιο
869 4030 993 4093 διώκειν.
