2880 4606
452 1084 958 1188 PRAEFATIO.

654 1321 754 1330 —.

131 1466 307 1597 ‘Corinthi
324 1527 546 1612 Lycopolitani
567 1549 698 1592 carmen
720 1529 844 1610 epicum
868 1530 908 1594 de
928 1535 1024 1613 raptu
1040 1531 1180 1596 Helenae
1196 1553 1265 1596 ver·
1326 1531 1328 1533 ’

142 1643 232 1708 sibus
257 1639 500 1723 elegantissimis
523 1639 564 1703 ad
580 1639 684 1704 Nonni
706 1659 849 1704 normam
866 1639 1001 1706 conditis
1022 1641 1150 1706 ineunte
1170 1645 1206 1705 ut
1220 1642 1264 1704 vi·

140 1753 232 1817 detur
247 1775 278 1836 p.
297 1751 369 1814 Ohr.
387 1771 417 1812 u.
434 1749 560 1814 saeculo
577 1755 668 1815 sexto
685 1751 904 1833 compositum,
928 1750 1002 1814 licet
1016 1751 1113 1834 paulo
1129 1751 1264 1815 ieiunius

138 1868 171 1927 et
199 1861 302 1927 multo
331 1861 433 1943 magis
462 1860 614 1947 loquendi
643 1861 784 1927 formulis
814 1883 896 1945 quae
927 1863 1049 1926 auctori
1077 1862 1110 1926 in
1142 1861 1263 1925 deliciis

138 1977 229 2036 erant
252 1971 295 2035 ad
317 1992 469 2036 nauseam
484 1993 586 2058 usque
609 1972 796 2054 saepissime
810 1972 1046 2038 recurrentibus
1062 1993 1158 2055 quam
1176 1970 1263 2035 fideli

137 2083 242 2147 Nonui
258 2082 437 2145 imitatione
448 2082 578 2164 insigne,
594 2088 703 2145 tamen
713 2082 787 2146 inde
802 2083 1070 2146 arenascentium
1081 2083 1261 2147 litterarum

142 2191 340 2274 temporibus
355 2190 527 2255 multorum
549 2192 687 2256 virorum
704 2191 870 2256 doctorum
894 2192 1056 2255 assiduam
1076 2190 1261 2272 felicemque

138 2306 305 2385 expertum
328 2306 377 2365 est
399 2321 539 2384 operam.
581 2299 692 2384 Neque
714 2305 822 2366 tamen
844 2322 895 2366 me
916 2299 1063 2366 laborum
1087 2321 1166 2384 quos
1187 2299 1261 2364 huic

139 2412 271 2476 carmini
293 2411 434 2495 impendi
453 2413 606 2495 poenitet,
629 2433 701 2476 oum
718 2411 807 2476 nulla
829 2413 895 2477 cius
918 2417 1006 2477 extet
1021 2412 1119 2476 editio
1140 2412 1173 2474 in
1196 2431 1261 2493 qua

141 2521 286 2587 codicum
305 2523 502 2587 variantibus
518 2521 705 2587 lectionibus
732 2527 764 2585 et
786 2522 965 2587 criticorum
988 2519 1260 2586 observationibus

136 2632 169 2695 in
196 2653 295 2696 unum
323 2633 478 2714 congestis
508 2653 636 2697 carmen
666 2631 750 2696 lectu
772 2652 850 2696 sane
870 2653 934 2696 uon
959 2631 1126 2713 indignum
1148 2631 1259 2695 sinon

137 2741 180 2806 ad
201 2743 371 2824 pristinum
392 2743 528 2805 nitorem
549 2741 732 2819 reductum,
770 2740 884 2805 saltem
910 2742 958 2805 ita
980 2740 1174 2823 descriptum
1203 2759 1260 2824 ap·

137 2858 314 2935 paratuque
330 2851 439 2916 critico
455 2856 603 2916 ornatum
618 2851 668 2931 sit,
683 2856 721 2914 ut
735 2847 834 2917 multo
849 2851 913 2915 iam
929 2840 1053 2916 facilior
1072 2851 1139 2915 eius
1154 2869 1258 2915 emen-

137 2962 226 3026 datio
249 2961 424 3027 editoribus
445 2967 478 3026 et
501 2960 618 3025 criticis
641 2962 750 3026 futura
772 2962 823 3026 sit.
869 2961 951 3026 Nam
979 2965 1015 3025 ut
1039 2980 1143 3045 pauca
1165 2982 1258 3045 quae-

140 3073 215 3136 dam
238 3071 278 3135 de
301 3071 441 3137 Colluthi
462 3071 597 3136 historia
628 3072 737 3135 critica
765 3072 983 3153 praemittam,
1012 3076 1087 3153 post
1109 3071 1257 3136 Aldinam

137 3182 309 3246 editionem
326 3202 343 3246 e
358 3182 516 3264 pessimae
537 3187 633 3246 notae
655 3181 762 3247 codice
784 3187 860 3265 post
881 3182 1031 3259 Quintum
1047 3183 1257 3264 Smyrnaeum

136 3292 205 3356 sine
228 3292 454 3387 adiectatanni
475 3296 552 3355 nota
581 3292 786 3374 impressam,
817 3313 898 3376 quae
928 3293 969 3356 ab
999 3292 1071 3356 aliis
1100 3291 1194 3357 aliter
1214 3293 1257 3357 ad

137 3423 255 3467 annum
280 3404 371 3480 1504,
399 3404 480 3467 1505
502 3402 599 3466 immo
616 3405 696 3467 1521
722 3402 869 3481 refertur,
893 3404 1013 3485 primus
1038 3401 1206 3468 Brodacus
1224 3403 1256 3468 in

140 3512 426 3578 »Annotationibus
440 3513 472 3576 iu
489 3511 615 3577 Coluthi
627 3512 769 3577 Thebani
786 3512 826 3577 de
843 3513 951 3596 Rapta
963 3513 1104 3578 Helenae
1120 3512 1251 3577 librum·

135 3623 306 3708 (Basileae,
329 3647 387 3708 per
406 3623 878 3709 Ioanncchrvagium1552)
902 3615 1057 3690 riounulos
1079 3624 1166 3689 locos
1189 3623 1256 3688 fcli-

136 3735 216 3800 citer
238 3737 383 3816 correxit,
406 3735 486 3800 alios
508 3740 628 3800 temere
655 3735 810 3815 mutavit,
840 3755 955 3816 parum
984 3734 1016 3798 in
1044 3734 1105 3798 hoc
1130 3734 1255 3816 negotio

135 3843 265 3908 adiutus
281 3865 302 3908 a
316 3846 461 3910 versione
475 3846 577 3910 latina
592 3845 716 3911 Ecbani
732 3844 826 3910 Hessi
841 3844 1054 3929 (Erphurdiae
1068 3845 1162 3928 1533)
1178 3845 1256 3910 satis

134 3956 244 4038 inepta
275 3956 377 4038 (cuius
405 3961 529 4021 textum
558 3977 707 4041 graecum
731 3957 751 4019 5
777 3955 885 4021 littera
911 3955 1049 4038 notavi),
1083 3959 1116 4018 et
1142 3953 1256 4021 Jodoci
