2880 4606
610 313 821 376 ..40-

154 496 262 574 κόμπον
282 494 374 574 (ξοαξε
388 520 415 556 κ.
430 499 480 560 cfr.
495 519 521 559 v.
536 508 572 561 55
588 507 639 559 aut
657 500 735 579 χειρὶ
756 499 790 558 δὲ
809 499 890 576 γαίης
904 496 991 556 δυάδι
1005 497 1109 558 κόλπον
1123 493 1218 574 ἄραξε
1231 519 1279 555 ›a‹

74 591 76 597 ’
153 591 296 665 Lennepii
318 594 512 653 coniecturam
534 594 707 667 impmhavit
727 595 813 652 etiam
838 593 985 651 Hermann
1005 610 1034 665 p.
1051 599 1179 664 10-11,
1202 591 1281 663 qnia,

156 685 229 742 »nisi
249 686 325 757 quod
340 690 546 759 grammaticae
567 704 624 747 non
644 694 797 761 repugnat,
818 687 889 745 nihil
909 687 982 745 haec
1002 687 1169 745 coniectura
1189 686 1281 747 habet

153 777 308 838 laudabile.
347 780 423 839 Nam
447 797 483 839 ne
510 797 728 840 commemorem
754 782 882 852 ineptum
904 779 945 854 lt]
970 780 1017 837 hic
1043 780 1192 851 epitheton
1214 795 1280 838 esse

36 932 39 937 ,
153 866 249 945 εὐρέα,
271 887 344 942 quae
365 873 493 931 illatam
514 875 668 946 singularis
688 875 831 933 ratioeat
850 871 956 932 furoris
977 871 1169 944 significandi,
1191 888 1280 931 mann

153 969 262 1022 terram
281 963 455 1036 percuteret
483 966 573 1026 Immo
594 968 643 1038 qui
662 968 705 1025 ita
732 972 800 1025 sunt
825 966 886 1023 irae
912 967 1098 1038 impotentes,
1126 966 1221 1023 solent
1247 980 1280 1024 se

153 1058 231 1130 ipsos
244 1061 321 1116 totos
340 1057 369 1115 in
390 1063 498 1118 terram
518 1058 620 1132 fligere
642 1066 671 1118 et
690 1059 769 1117 humi
792 1061 915 1118 volvere.
945 1058 1036 1130 quue
1058 1059 1145 1116 etiam
1158 1058 1279 1117 Eiidem

152 1147 256 1207 fecisse
277 1149 334 1207 dici
354 1151 399 1208 vel
424 1157 588 1224 corruptum
614 1152 687 1209 illud
707 1149 778 1208 οόδέ
795 1169 828 1207 τε
856 1167 973 1209 monere
997 1150 1138 1223 debebat,
1162 1151 1192 1208 in
1222 1168 1279 1223 quo

154 1241 216 1312 quis
230 1258 287 1301 non
300 1245 398 1301 statim
412 1245 510 1303 videat
532 1240 615 1302 οὔδεὶΙ
630 1246 743 1303 latere?
776 1243 931 1305 Confirmat
952 1246 1025 1301 hanc
1048 1243 1278 1303 emendationem

153 1337 297 1408 scriptura
322 1337 428 1396 codicis
454 1339 528 1396 Μυῒ.
553 1335 616 1394 οόδ’
642 1337 770 1402 ακόλπος
795 1335 894 1414 docfa.
938 1338 1021 1408 Quod
1048 1339 1072 1394 si
1097 1338 1171 1396 haec
1197 1344 1279 1396 recte

152 1429 334 1501 coniecimuS,
355 1431 527 1501 relinquitur
550 1437 582 1488 ut
604 1430 745 1488 exciderit
765 1430 874 1500 aliquid
894 1430 940 1486 vel
961 1434 1028 1487 ante
1050 1447 1075 1486 ν.
1090 1436 1127 1488 48
1149 1430 1279 1489 velante

154 1521 243 1598 γαίης.
276 1523 352 1580 Nam
373 1522 497 1582 fortasse
518 1541 576 1582 non
595 1524 694 1596 inepte
714 1523 895 1597 opinabimur
914 1523 987 1581 huno
1007 1524 1099 1594 ipsam
1113 1538 1211 1581 vocem
1227 1524 1280 1581 ali·

154 1615 221 1685 quid
242 1616 408 1686 contulisse,
429 1622 466 1673 ut
485 1617 688 1674 omitterentur
707 1617 850 1674 nonnulla.
883 1617 976 1686 Quum
997 1617 1071 1673 euim
1093 1617 1142 1688 qui
1163 1617 1201 1674 ad
1215 1623 1280 1674 tan·

153 1711 213 1764 tum
234 1707 446 1780 desperationis
466 1708 592 1768 furorem
614 1710 708 1766 evecti
728 1715 804 1779 eunt,
825 1709 919 1767 crines
940 1709 995 1767 sihi
1010 1708 1173 1767 discindere
1188 1715 1278 1780 atque

154 1800 278 1858 evellere
299 1803 420 1874 soleant,
442 1803 503 1861 veri
523 1804 615 1861 simile
635 1802 759 1874 videtur,
780 1802 810 1860 id
832 1804 918 1861 etiam
939 1802 975 1860 de
996 1803 1086 1861 Eride
1108 1819 1173 1861 esse
1192 1820 1280 1877 prae·

154 1893 293 1952 dicatum:
315 1902 347 1951 ut
367 1912 393 1951 v.
408 1897 444 1953 47
466 1897 604 1968 scriptum
626 1894 715 1954 luerit
732 1895 809 1973 χειρὶ
830 1894 863 1952 δὲ
875 1895 987 1973 χαίτης,
1009 1895 1144 1966 aquibus
1159 1896 1279 1956 vocibus

153 1985 190 2043 ad
212 1987 319 2045 similes
340 1986 373 2045 δὲ
395 1988 475 2064 γαίης
489 1989 626 2048 aberrans
641 1991 739 2047 oculus
753 1990 934 2047 librariorum
954 1990 983 2045 in
1003 2004 1130 2048 errorem
1152 1988 1280 2048 abduxe-

152 2077 219 2137 rit«.
264 2079 347 2139 Haec
378 2081 540 2155 Hermann,
574 2083 676 2154 quibus
706 2082 799 2140 Lehrs
829 2100 856 2155 p.
875 2081 944 2139 VIII
968 2083 1023 2141 hoc
1053 2068 1144 2140 solum
1175 2099 1277 2141 verum

152 2172 247 2231 inesse
272 2174 408 2248 putabat,
442 2175 600 2248 »Lennepii
625 2172 712 2251 εὐρέα
736 2177 865 2249 ineptum
891 2190 968 2246 esse}
999 2176 1036 2233 de
1062 2176 1181 2247 reliquis
1208 2191 1278 2235 vero

151 2266 237 2339 longe
262 2270 347 2328 aliter
373 2271 520 2328 sentimus.
561 2269 592 2328 Si
619 2270 688 2341 quid
713 2270 749 2326 de
775 2273 874 2328 nostro
900 2270 928 2326 in
956 2274 1064 2326 textum
1091 2267 1278 2327 introducere

153 2361 356 2434 voluissemus,
383 2360 453 2430 ὀξέα
474 2363 700 2434 scripsissemus.
742 2362 797 2432 Qui
818 2379 881 2419 cum
903 2362 1068 2420 Hermanno
1089 2365 1117 2420 in
1138 2369 1276 2435 corrupta

88 2451 92 2456 ’
152 2453 269 2524 vulgata
289 2455 454 2525 codicisque
467 2455 641 2512 Mutinensis
663 2455 787 2512 lectione
808 2471 906 2513 vocem
927 2450 1017 2519 οὖδας
1032 2472 1190 2527 agnoscere
1205 2457 1277 2522 vult,

154 2547 179 2604 is
200 2547 336 2605 coniiciat
355 2554 470 2620 poetam
491 2549 641 2620 scripsisse
662 2543 752 2612 οὖδας
777 2544 926 2622 ἄκαμπτον
951 2550 1039 2620 [quod
1064 2551 1095 2606 in
1120 2549 1278 2608 secundam

153 2639 309 2698 editionem
318 2642 441 2713 recepit]
453 2647 504 2699 aut
518 2637 675 2716 ἄκαρπονα.
698 2642 775 2712 Quas
789 2646 885 2698 tamen
899 2643 1079 2700 coniecturas
1094 2644 1139 2701 vel
1154 2649 1278 2715 propter

154 2734 374 2806 amphibrachus
395 2740 496 2793 contra
518 2736 664 2807 epicorum
685 2751 793 2793 morem
814 2736 995 2794 continuatos
1009 2741 1090 2793 reete
1104 2736 1277 2808 improbavit

152 2826 294 2886 Tournier
312 2846 340 2901 p.
357 2835 400 2887 12.
441 2828 572 2887 Omnium
600 2830 707 2900 optime
732 2833 764 2885 ut
788 2828 863 2886 solet
886 2828 1043 2887 Schneider
1063 2847 1090 2901 p.
1107 2836 1177 2887 411:
1211 2845 1275 2886 »er-

48 2995 52 3001 ,
152 2936 218 2978 rare
244 2922 313 2978 mlhi
338 2921 453 2978 videtur
473 2921 677 2993 [Hermannns]
705 2920 780 2991 quod
809 2921 846 2977 ad
872 2919 1031 2979 furorem
1058 2919 1277 2992 algnificandum

152 3014 224 3071 Erin
245 3014 302 3071 dici
321 3019 406 3086 putat
420 3031 507 3071 mauu
521 3020 628 3071 terram
643 3019 805 3086 percutere.
836 3030 929 3085 neque
944 3015 1018 3071 enim
1032 3012 1174 3072 furentem
1189 3020 1277 3086 poeta

152 3107 200 3164 hic
214 3104 285 3165 facit
298 3108 379 3179 Erin,
401 3108 452 3165 sed
474 3109 613 3166 incertam
634 3108 702 3179 quid
723 3114 801 3179 agat,
823 3113 855 3164 ut
875 3108 994 3165 deorum
1016 3108 1125 3179 epulas,
1146 3107 1184 3164 ad
1204 3124 1276 3178 quas

152 3199 215 3257 sola
227 3215 283 3258 non
306 3205 370 3257 erat
389 3206 524 3259 vocataa
542 3201 639 3273 Peleo,
659 3201 765 3272 turbet,
787 3207 816 3261 et
836 3201 920 3260 modo
940 3202 995 3259 hoc
1014 3200 1098 3258 modo
1119 3200 1190 3257 illud
1211 3216 1277 3257 con·

118 3322 121 3328 ·
152 3293 248 3351 silium
262 3293 423 3366 capientem
437 3293 555 3363 inducit,
574 3293 652 3350 velut
665 3299 772 3350 terram
787 3293 882 3363 quatit
895 3299 927 3349 ut
941 3293 1091 3349 Titanibus
1105 3290 1275 3350 facultatem

152 3385 203 3445 det
227 3385 405 3458 erumpendi.
436 3402 492 3457 quo
516 3392 669 3457 perspecto
696 3391 725 3442 et
750 3391 880 3457 apertum
911 3392 955 3442 est
987 3400 1104 3442 causam
1129 3402 1185 3442 non
1211 3401 1276 3442 esse

153 3495 203 3536 cur
223 3485 290 3552 post
309 3494 334 3535 v.
351 3480 386 3535 47
409 3494 471 3535 cum
486 3479 651 3537 Hermanno
671 3484 805 3550 putemus
827 3480 937 3549 aliquot
952 3495 1051 3536 versus
1067 3495 1130 3536 esse
1147 3479 1276 3550 omissos,

153 3580 183 3631 et
203 3574 294 3644 quivis
315 3571 424 3630 videbit
443 3590 496 3644 pro
517 3567 619 3648 ἤδελεν
640 3570 785 3648 ὀρφναίων
806 3590 830 3627 ν.
847 3579 882 3629 49
905 3572 1088 3631 scribendum
1109 3588 1173 3629 esse
1188 3565 1277 3648 ἤθελε

152 3665 182 3722 δ’
202 3655 361 3741 ὀρφναίων,
392 3672 458 3739 post
483 3665 587 3744 πέτρην
612 3668 707 3739 posita
732 3682 788 3723 non
819 3666 942 3723 maxima
973 3665 1218 3737 interpunctione,
1244 3673 1277 3723 ut

152 3758 303 3817 Bekkerus
324 3758 401 3830 fecit,
422 3761 473 3818 sed
494 3761 597 3818 media.
638 3760 695 3818 Sed
716 3777 752 3818 ne
773 3759 951 3830 sicquidem
976 3764 1148 3832 persanatus
1171 3765 1215 3816 est
1235 3760 1277 3817 lo·

152 3868 211 3909 cus.
242 3869 307 3910 nam
329 3870 414 3925 quum
435 3872 461 3913 v.
476 3861 512 3913 48
533 3854 706 3912 Mutinensis
726 3853 834 3911 habeat
847 3848 909 3908 οὐδ’
930 3850 1058 3916 ακόλπος
1071 3849 1171 3927 αραξε,
1193 3858 1278 3923 patet

153 3945 232 4005 aliud
253 3948 321 4018 quid
341 3949 492 4021 scripsisse
514 3955 602 4020 atque
621 3945 775 4005 Bekkerus
797 3945 900 4003 edidit.
931 3945 1007 4016 quod
1035 3945 1104 4016 quid
1125 3945 1163 4001 sit
1183 3945 1276 4002 incer·

153 4047 214 4097 tum
236 4047 307 4098 estu.
338 4041 480 4113 Equidem
501 4041 660 4098 innumeris
682 4040 845 4110 scripturae
865 4040 942 4097 vitiis
955 4039 1151 4098 Mutinensem
1171 4038 1277 4106 librum
