2880 4606
612 324 827 389 ..50-

305 511 354 568 καλ
373 509 477 589 περόνη
499 508 624 568 θυόεντα
646 507 829 588 διαστήσασα
847 510 969 589 χιτῶνα,

303 607 407 683 χρυσῷ
421 602 475 679 μὲν
498 603 674 681 πλοκάμους,
693 608 799 683 χρυσῷ
815 599 840 661 δ’
849 599 996 681 ἐστέψατο
1017 600 1122 681 δείρην.

152 749 249 809 Verbo
270 745 451 806 ΚθΜΑΩΝ
468 753 497 806 et
517 745 692 820 ΧΙΤΩΝΑ,
714 745 884 806 ΧΑΙΤΗΝ
892 755 922 808 et
937 745 1102 805 ΔΕΙΡΗΝ
1116 765 1174 808 non
1192 751 1288 824 magis

152 844 327 916 discrepant,
349 859 436 914 quam
459 840 747 913 quietudinem
771 841 893 917 eoniusa
919 842 1000 900 vides
1027 846 1164 919 γυναῖκας
1184 848 1216 901 et
1236 863 1288 901 κο-

153 933 255 1002 λώνας.
295 936 335 995 Et
356 936 398 993 sio
420 935 450 992 in
473 935 608 993 extremis
633 934 779 994 vocabulis
800 952 847 1008 ap.
868 936 1000 995 Nonnum
1022 937 1192 1009 saepissime
1218 953 1288 1010 peo-

152 1037 275 1091 eatum.«
293 1064 320 1073 -
343 1032 420 1099 Hine
433 1028 539 1106 δείρην,
562 1031 591 1086 in
606 1030 682 1102 qnod
696 1030 804 1103 etipse
824 1029 993 1103 incideram,
1013 1031 1112 1103 recepi
1133 1031 1216 1101 (lieet
1236 1031 1289 1089 du·

151 1125 291 1184 bitaverit
308 1124 344 1183 de
358 1125 413 1182 hac
427 1139 496 1182 vose
511 1122 656 1182 Tournier
670 1141 700 1195 p.
715 1127 773 1195 21),
794 1123 878 1180 nimis
900 1124 974 1181 enim
995 1123 1148 1182 videbatur
1169 1125 1289 1197 capillo·

151 1235 215 1276 rum
236 1219 343 1277 mentio
364 1224 410 1275 ter
430 1217 573 1289 repetita,
595 1222 625 1273 et
644 1232 688 1273 vv.
706 1222 855 1274 134—135
877 1215 954 1273 idem
974 1213 1119 1288 flagitant.
1161 1217 1288 1276 Caetera

153 1311 260 1372 Graefii
281 1312 448 1371 coniectura
467 1310 565 1368 minus
587 1315 656 1382 apta
677 1309 804 1380 videtur,
832 1310 895 1380 quis
924 1310 1000 1367 enim
1024 1326 1159 1381 umquam
1179 1309 1288 1370 fibulae

152 1423 208 1480 ope
228 1406 314 1465 solvit
334 1406 464 1464 vestem?
496 1405 530 1462 In
552 1405 672 1476 reliquis
693 1405 884 1463 Teurnerium
904 1411 1021 1462 secutus
1042 1421 1114 1476 sum,
1134 1405 1184 1476 qni
1206 1422 1233 1477 p.
1250 1412 1287 1464 19

155 1508 227 1558 -21
248 1500 278 1557 in
298 1498 331 1556 M
352 1499 420 1557 libri
439 1499 583 1571 scriptura
603 1495 710 1576 περόνη
733 1495 858 1554 θυόεντα
878 1498 972 1555 latere
989 1498 1185 1556 Hermannum
1206 1515 1289 1557 secu-

152 1599 199 1652 tus
221 1594 343 1664 monuit,
364 1592 506 1662 simulque
521 1591 664 1649 adieetivo
683 1591 835 1648 masculini
855 1592 979 1664 generis,
1000 1589 1134 1663 θυόεντα,
1154 1592 1289 1651 substan·

152 1688 212 1746 tivo
232 1685 362 1744 feminini
389 1686 504 1758 generis
527 1682 647 1762 περόνην
667 1685 755 1759 paulo
782 1685 952 1743 insolentius
978 1686 1129 1745 coniuncto
1149 1685 1287 1758 offensus,

152 1776 335 1856 διασκήσασα
361 1796 414 1852 pro
444 1776 626 1855 διαστήσασα
652 1785 682 1836 et
707 1777 852 1854 κόρυμβον
879 1797 932 1852 pro
959 1777 1077 1855 κομάων
1103 1779 1288 1838 scribendum

154 1889 218 1932 esse
245 1872 318 1930 vidit
344 1873 451 1932 collato
472 1873 624 1931 Athenaeo
650 1871 707 1930 XII
731 1890 760 1945 p.
782 1873 874 1931 526A
899 1871 1080 1949 διησκημένοι
1105 1872 1161 1939 τὰς
1188 1871 1283 1950 κόμας

151 1969 255 2045 χρυσῷ
272 1964 385 2043 κόσμῳ.
407 1999 442 2007 -
464 1964 503 2023 85
526 1964 559 2023 δε
579 1965 627 2037 Μ;
649 1984 764 2044 ερωτας
784 1965 942 2044 άνηστησεν
961 1967 1009 2038 Μ;
1032 2001 1063 2008 -
1087 1966 1128 2027 86
1150 1966 1229 2045 ἀγων
1242 1967 1287 2040 Μ,

154 2056 233 2136 ἀγὼν
248 2075 283 2117 ex
297 2055 374 2137 ἄησιν
391 2058 421 2132 0,
443 2055 521 2136 άηων
533 2059 692 2131 ALNQR
707 2064 737 2118 et
751 2060 861 2131 aliquot
875 2060 941 2118 edd.
955 2065 1040 2132 vett.;
1054 2056 1127 2138 άηίδ
1140 2077 1194 2134 pro
1208 2058 1288 2137 ἀγών

153 2154 226 2216 oeni.
252 2154 388 2228 Lennep3
409 2159 485 2228 apte,
506 2154 602 2213 iudice
625 2154 769 2216 Harlesio.
800 2151 1026 2230 περιπτύξασδαι
1042 2155 1105 2228 OQ,
1118 2149 1288 2233 περιπτύξα-

155 2261 226 2357 σδδιι
244 2301 287 2372 N,
308 2333 341 2341 -
358 2296 397 2358 87
418 2296 530 2375 ἀγλαΐαι
547 2318 585 2374 με
600 2297 776 2374 διακρίνουσι
790 2296 950 2376 προσώπων
971 2299 1054 2359 codd.
1075 2299 1147 2357 dett.
1169 2305 1199 2357 et
1220 2298 1287 2357 edd.

155 2399 223 2451 ante
236 2392 350 2464 Lehrs,
372 2393 421 2462 qui
435 2407 471 2448 ex
484 2392 643 2449 Hermanni
657 2393 832 2465 coniectura,
852 2394 881 2450 in
896 2410 981 2465 quam
996 2399 1026 2451 et
1039 2393 1103 2467 ipse
1117 2392 1287 2465 incideram,

143 2482 346 2563 dcaxprre‘ooor
367 2483 468 2542 edidit.
503 2485 686 2544 structuram
706 2487 793 2558 plane
813 2485 957 2545 inficetam
973 2503 1038 2545 esse
1057 2491 1139 2545 ratus
1160 2482 1288 2564 σήμερον

156 2575 286 2654 ἀγλαΐαις
297 2597 336 2654 με
350 2575 526 2656 διακρίνουσι
539 2576 693 2658 προσώπου
707 2580 831 2640 coniecit
850 2580 980 2653 Lennep,
1000 2581 1107 2640 oolloto
1127 2597 1153 2637 v.
1168 2586 1234 2638 253.
1251 2610 1286 2622 -

156 2671 228 2731 (lum
252 2672 281 2729 in
302 2671 335 2730 M
356 2669 459 2747 αγλαΐα
475 2691 515 2746 με
535 2671 722 2752 διακρίνουσα
741 2674 880 2746 scriptum
902 2678 990 2747 extet,
1010 2673 1107 2732 nescio
1128 2689 1165 2731 an
1186 2670 1288 2748 ἀγλαῖη

152 2784 191 2842 με
215 2764 402 2844 διακρίνουσα
421 2766 606 2825 scribendum
635 2767 688 2840 sit,
715 2767 837 2824 lacunae
864 2767 953 2839 signis
980 2771 1048 2841 post
1071 2767 1148 2826 huno
1171 2780 1287 2825 versum

154 2861 266 2932 positis.
295 2894 329 2902 -
357 2858 396 2918 88
418 2879 470 2918 τινι
490 2860 540 2931 M,
558 2859 704 2936 βοκουλος
725 2859 748 2918 0
767 2865 835 2918 ante
856 2876 944 2932 corr.;
971 2855 1058 2925 οὗτος
1077 2861 1122 2919 bis
1142 2860 1232 2919 habet
1253 2858 1287 2931 S;

155 2951 268 3032 ὀπάσσῃ
287 2956 329 3030 (η)
349 2953 435 3013 codd.
456 2953 529 3011 dett.
551 2961 581 3012 et
601 2954 667 3012 edd.
689 2959 758 3012 ante
778 2953 954 3027 Bekkerum,
976 2951 1099 3011 ὀπάσσει
1117 2954 1151 3012 Μ
1171 2959 1203 3012 et
1220 2953 1287 3012 rell.

156 3096 221 3156 edd.
240 3129 279 3138 —
297 3095 337 3156 88
351 3094 429 3176 ιερήν
444 3095 576 3154 ενέπουσι
588 3097 636 3168 Μ,
659 3061 792 3156 ἐνέπουσσι
807 3098 843 3170 03
863 3098 970 3176 τιδίνην
983 3099 1036 3170 W3
1050 3131 1088 3142 -
1103 3096 1146 3157 90
1163 3097 1197 3156 δε
1210 3097 1287 3169 ΜΟ;

150 3187 308 3268 μεδέοπειν
332 3191 373 3263 L;
401 3211 452 3247 και
476 3191 525 3263 Μ;
554 3223 588 3233 -
617 3189 655 3250 91
677 3189 829 3262 βασιλεῖαν
855 3190 900 3250 ἀεὶ
927 3192 1080 3250 καλεουσιν
1104 3193 1151 3264 Μ;
1183 3192 1288 3251 »valde

52 3318 58 3324 ·
155 3286 276 3360 languet
290 3283 335 3342 del
354 3286 385 3343 in
397 3285 442 3343 his
457 3285 563 3359 verbis,
585 3291 688 3347 utnon
702 3286 893 3345 dubitandum
906 3287 1049 3357 videatur,
1071 3287 1140 3359 quin
1161 3287 1290 3358 genuina

155 3381 301 3454 scriptura
319 3381 357 3438 sit
370 3375 587 3441 ἐπικλείουσινα
615 3380 762 3439 Hermann
776 3399 804 3454 p.
822 3388 866 3440 13.
882 3414 917 3422 -
933 3379 976 3440 92
991 3379 1168 3452 ἀναλκις·Μ;
1189 3375 1240 3458 ἑήν
1253 3381 1289 3453 L,

156 3469 205 3554 ἑήν
225 3474 264 3545 Α;
293 3466 342 3551 ἔην
368 3473 435 3530 huie
460 3473 523 3534 loco
548 3490 650 3548 parum
671 3480 770 3547 aptum
791 3490 827 3532 ex
852 3474 978 3534 Homero
1000 3474 1043 3546 (11.
1064 3474 1091 3532 E
1112 3476 1195 3546 330):
1215 3471 1233 3530 δ
1254 3471 1291 3532 δὲ

157 3564 262 3644 Κύπριν
283 3562 415 3644 ἐπῴχετο
438 3564 516 3644 νηλέϊ
531 3566 635 3645 χαλκῷ
651 3565 823 3642 Γιηνώσκων
841 3563 881 3624 δι’
909 3565 1028 3632 ἄναλκις
1050 3561 1100 3644 ἔην
1123 3564 1195 3633 δεδς
1212 3583 1292 3651 sum·
1339 3608 1342 3613 -

156 3668 238 3735 ptum
260 3676 325 3718 esse
344 3662 454 3719 monuit
468 3661 597 3735 Lennep.
612 3660 815 3737 -βασιλείων
837 3661 873 3733 03
888 3693 925 3703 -
939 3659 979 3719 98
1001 3659 1161 3738 κοιρανοίην
1183 3661 1222 3734 Q;
1242 3657 1291 3718 οδ-

156 3753 265 3832 δεηχος
289 3753 337 3822 Μ,
369 3749 428 3810 οὐδ
452 3749 542 3833 εὖχος
567 3755 708 3827 Psvw3
739 3749 800 3812 οὐδ’
829 3755 913 3815 oodd.
940 3761 970 3814 et
1000 3754 1065 3814 edd.
1091 3759 1159 3814 ante
1184 3754 1290 3813 LehrS.

158 3849 240 3908 »Nisi
260 3850 348 3923 paulo
369 3850 483 3922 longius
510 3867 529 3910 a
553 3851 673 3923 vulgata
693 3850 861 3922 aberraret,
882 3847 944 3909 fere
964 3849 1113 3908 crederem
1134 3848 1291 3909 Ooluthum

140 3941 273 4009 dedisse
295 3976 330 3985 -
898 3938 932 4000 οὐ
949 3941 1097 4020 βασιλήων

361 4039 513 4116 κοιρανίην,
534 4032 594 4096 οὐδ’
613 4033 693 4116 εἶχον
711 4032 815 4114 Ἀρήιον
836 4032 869 4102 ἐς
886 4034 977 4112 βέλος
997 4034 1094 4115 ἀλκήν.
