2880 4606
689 329 900 391 ..64-

237 514 393 587 Vulgatam
414 515 456 572 sic
469 515 678 588 interpretatus
693 519 746 582 est,
767 514 922 587 normale,
942 514 1039 572 iudice
1055 513 1203 587 Lennepio
1221 518 1252 571 et
1265 513 1363 572 asson·

232 609 324 666 tiente
345 609 433 667 etiam
446 608 592 681 Harlesio,
612 607 778 666 Brodaeus:
803 614 882 665 »tum
896 607 1087 679 posteriorem
1102 612 1163 665 tum
1184 607 1360 666 anteriorem

232 701 315 774 pedis
341 701 462 774 figuram
487 703 593 774 vidit«;
626 703 713 760 etiam
739 702 832 759 Iulien
863 703 1027 773 genetivum
1057 697 1178 778 πτέρνης
1210 717 1304 772 aeque
1329 717 1364 759 ac

233 794 349 871 ταρσῶν
375 795 411 853 ab
438 791 513 873 ἴχνια
538 812 608 854 voce
628 794 756 868 pendere
781 795 925 853 intellexit
951 799 1066 852 secutus
1087 809 1105 852 a
1126 793 1264 865 Lehrsio3
1289 794 1359 852 nihil

233 905 302 961 ergo
323 889 491 961 invulgata
516 889 640 948 lectione
666 887 843 946 mutandum.
883 888 954 945 Tum
984 905 1010 946 v.
1027 890 1081 946 137
1102 889 1223 961 copulae
1245 886 1362 946 defectu

231 983 294 1040 iure
315 982 439 1041 offensus
458 980 535 1060 χειρὶ
555 981 589 1040 δὲ
609 1000 662 1056 pro
681 982 790 1061 χειρῶν
811 983 883 1040 coni.
897 982 1027 1055 Lennep,
1042 998 1202 1054 provocans
1224 981 1263 1039 ad
1283 998 1310 1040 1.
1326 989 1363 1041 62

231 1073 310 1154 χειρὶ
323 1073 357 1132 δὲ
371 1074 518 1153 δινησασα,
540 1094 565 1133 1.
583 1079 636 1136 157
648 1075 728 1156 χειρὶ
740 1073 768 1132 δ’
793 1073 1000 1151 ἐλαφρίζουσα,
1024 1094 1050 1134 1.
1067 1078 1122 1134 170
1134 1073 1212 1153 χειρλ
1225 1072 1260 1132 δὲ
1271 1074 1362 1153 μῆλον

233 1164 359 1248 ἔχουσα,
383 1170 435 1228 sed
455 1171 518 1228 iure
539 1171 689 1229 oblocutus
710 1175 755 1228 est
774 1171 879 1241 luben,
902 1174 983 1227 recto
1001 1168 1109 1247 χειρῶν
1130 1165 1237 1224 ἑλοῦσα
1251 1174 1361 1240 ayant

232 1263 309 1335 pris
329 1278 394 1336 par
413 1263 447 1321 la
467 1265 577 1331 main,
604 1270 633 1321 et
650 1261 731 1341 χειρὶ
753 1260 861 1319 ἑλοῦσα
881 1268 990 1335 ayant
1010 1264 1085 1336 pris
1107 1278 1194 1320 avec
1214 1278 1253 1320 sa
1271 1263 1364 1320 main

231 1362 347 1415 vertens
373 1362 403 1415 11
427 1358 494 1415 huic
527 1359 589 1416 loco
618 1358 700 1430 prius
732 1362 843 1415 tantum
870 1356 1117 1417 accommodatum
1145 1371 1209 1414 esse
1233 1371 1363 1414 monens.

231 1448 390 1508 Praeterea
417 1446 585 1527 μειδιόωσα·
608 1468 661 1524 pro
690 1449 865 1526 μειδιόωντα
894 1450 1006 1523 recepit
1036 1450 1130 1507 Iulien
1158 1465 1194 1508 ex
1219 1448 1364 1522 Anonymi

228 1544 411 1616 coniectura,
444 1560 529 1615 quam
555 1546 625 1602 satis
652 1544 908 1602 commendabilem
934 1560 998 1602 esse
1022 1543 1142 1617 Lennep
1169 1558 1285 1616 quoque
1310 1559 1363 1616 pn·

231 1638 315 1696 tabat
336 1638 593 1709 »quemadmodum
608 1655 693 1697 versu
709 1647 762 1698 156
778 1639 814 1697 de
828 1640 941 1698 Venere
964 1641 1027 1695 τοῖα
1047 1635 1081 1694 δὲ
1097 1635 1260 1711 μειδιόωσα
1273 1655 1362 1713 προσ-

231 1728 329 1788 έννεπε
356 1729 543 1810 μηλοβοτῆρα
573 1738 605 1790 ut
630 1734 703 1791 adeo
735 1732 771 1790 de
796 1733 929 1791 Minerva
953 1731 1060 1790 blando
1085 1733 1146 1788 risu
1176 1737 1206 1788 et
1226 1731 1362 1790 mollibus

232 1823 327 1882 verbis
340 1825 476 1884 Paridem
497 1826 534 1884 ad
554 1826 682 1887 favorem
703 1829 747 1885 sui
768 1829 887 1887 allicere
907 1828 1042 1900 cupiente
1063 1824 1253 1897 intelligatur.
1285 1825 1362 1888 ‚Cum

208 1976 211 1981 ,
232 1923 328 1975 tamen
346 1917 458 1994 μειδιᾶν
497 1920 606 1979 Veneri
633 1928 663 1979 et
690 1921 853 1980 delicatulis
874 1920 1053 1979 amatoribus
1080 1919 1177 1991 potius
1198 1934 1286 1990 quam
1304 1918 1361 1976 Mi-

232 2027 339 2070 nervae
364 2014 402 2071 sit
421 2015 584 2087 proprium,
603 2014 674 2072 Ι11111
693 2021 807 2088 posset,
833 2022 866 2073 ut
892 2015 929 2073 de
955 2014 1099 2072 industria
1123 2013 1277 2085 scripserit
1298 2032 1361 2088 μει-

232 2102 365 2180 διόωντα,
387 2109 493 2180 quippe
514 2110 645 2182 apprime
665 2108 766 2167 Paridi
786 2115 844 2167 tam
871 2109 1005 2182 egregias
1033 2103 1283 2166 dearumformas
1303 2122 1361 2165 non

231 2205 344 2257 tantum
365 2203 585 2275 contemplanti,
612 2202 664 2260 sed
692 2209 721 2261 et
745 2202 883 2261 iudicium
908 2202 945 2260 de
971 2202 1007 2258 iis
1028 2200 1133 2258 ferenti
1158 2201 1359 2258 conveniens«.

230 2292 265 2349 In
285 2295 379 2351 omnia
399 2295 457 2353 alia
471 2295 542 2353 abiit
557 2293 688 2353 Graefius
708 2312 736 2367 p.
753 2302 824 2354 246:
852 2295 996 2352 »Primum
1015 2294 1119 2366 copula
1140 2293 1232 2366 deest,
1253 2292 1361 2351 deinde

117 2439 121 2446 .
230 2388 365 2459 particip.
386 2386 559 2462 μειδιόωντα
579 2389 703 2448 hicnon
723 2389 807 2446 nimis
829 2393 928 2460 aptum
950 2393 1008 2458 est;
1035 2385 1163 2459 accedit,
1189 2387 1219 2443 in
1240 2385 1304 2444 cod.
1319 2385 1360 2442 Μ.

232 2483 318 2539 aliam
338 2481 356 2538 f.
378 2482 530 2541 lectionem
550 2483 652 2540 latere.
695 2482 943 2555 simplicissimum
969 2486 1063 2539 esset:
1090 2478 1139 2537 καὶ
1161 2480 1272 2558 χειρῶν
1293 2478 1361 2554 μέλ-

232 2573 318 2631 λοντα
338 2574 394 2631 δικ.
416 2574 468 2632 sed
490 2591 506 2633 e
527 2575 646 2633 divulsis
660 2575 754 2633 literis
769 2573 831 2634 cod.
846 2574 887 2634 M.
904 2574 1002 2631 elicias
1021 2572 1130 2650 χειρῶν
1151 2569 1183 2628 δ’
1203 2569 1360 2630 εῖλινόσντα

232 2685 258 2725 1.
278 2663 440 2743 ἐλλινόοντα
470 2670 494 2727 si
524 2671 640 2743 obloqui
671 2673 740 2730 licet
764 2671 842 2731 Viris
870 2671 961 2731 doctis
988 2667 1037 2738 qui
1057 2687 1066 2721 ι
1086 2666 1117 2722 in
1141 2664 1169 2723 h.
1190 2681 1216 2724 v.
1237 2664 1359 2738 produci

231 2763 454 2834 contenderunt3
480 2780 546 2823 nam
564 2768 642 2842 χειρὶ
662 2761 690 2821 δ’
715 2761 868 2835 ἐλινύοντα,
894 2762 940 2820 111
957 2756 1036 2840 χειρὶ
1056 2755 1090 2815 δὲ
1111 2753 1204 2814 δειλὸν
1225 2750 1314 2814 ἐόντα
1332 2774 1359 2816 1.

231 2853 409 2930 δειμαίνοντα
433 2863 466 2914 ut
490 2874 516 2914 1.
533 2864 587 2914 113
614 2864 643 2915 11
670 2864 725 2916 126
750 2857 809 2913 iam
839 2855 953 2927 longius
984 2851 1124 2910 recedit«.
1165 2850 1259 2909 Lebrs
1285 2851 1360 2910 Hor·

230 2963 363 3006 mannum
384 2955 500 3007 secutus
524 2955 584 3018 est,
611 2951 659 3021 qui
679 2968 707 3023 ρ.
725 2958 768 3009 15.
786 2958 821 3009 16
841 2966 941 3008 versus
964 2951 1099 3008 137138
1119 2945 1213 3012 tribus
1240 2945 1360 3004 affectos

130 3030 135 3037 ’
232 3057 296 3101 esse
317 3043 395 3100 111111
418 3043 580 3101 contendit:
603 3044 713 3116 »primo
735 3043 810 3114 quod
830 3059 887 3101 non
902 3048 969 3100 sunt
988 3051 1063 3099 noxa
1082 3039 1296 3114 superioribus3
1317 3055 1362 3098 se-

231 3135 324 3194 cundo
345 3137 423 3208 quod
447 3154 504 3196 non
530 3145 653 3211 apparet
678 3154 729 3196 cur
748 3138 832 3196 Paris
858 3135 968 3207 rideat3
995 3135 1083 3194 tertio
1110 3133 1188 3205 quod
1206 3133 1362 3191 Minervae

231 3244 384 3303 personam
404 3229 528 3288 dedecet
547 3229 595 3287 bic
615 3229 799 3302 supplicandi
823 3229 934 3288 modus.
975 3229 1001 3286 E
1023 3226 1086 3285 cod.
1107 3226 1184 3284 Mut.
1206 3225 1362 3300 scripturis

227 3321 293 3398 μειλ
313 3341 327 3379 ν
347 3341 416 3380 εντα
438 3329 467 3381 11
486 3324 517 3380 in
536 3322 592 3382 fine
613 3339 712 3382 versus
732 3319 858 3402 ἐλόσσης
877 3339 980 3383 vereor
994 3327 1028 3380 ut
1041 3319 1151 3391 aliquid
1172 3321 1236 3378 erui
1254 3321 1363 3394 possit

230 3415 300 3474 Fuit
319 3415 398 3474 haud
417 3414 504 3473 dubie
525 3431 578 3488 pro
598 3415 653 3474 hoc
672 3431 758 3475 versu
778 3415 858 3474 aliud
877 3414 946 3488 quid
967 3415 1106 3488 scriptum
1127 3430 1145 3472 a
1165 3418 1267 3487 poeta:
1295 3415 1363 3488 ipse

231 3525 331 3567 versus
352 3513 449 3567 autem
469 3514 499 3566 11
519 3503 660 3580 genuinus
681 3515 726 3568 est
747 3516 777 3568 11
797 3509 974 3583 aptissimus,
1000 3509 1026 3566 si
1046 3509 1190 3568 inlocum
1211 3523 1295 3566 suum
1315 3525 1365 3567 re·

229 3608 355 3677 ponatur
374 3608 441 3676 post
461 3609 559 3662 1.158
580 3603 629 3661 ubi
643 3602 680 3662 dc
694 3604 808 3663 Venere
827 3603 1023 3677 impudentius
1042 3603 1169 3660 instante
1183 3615 1279 3661 sermo
1300 3607 1364 3661 cst:

385 3747 448 3802 τοῖα
467 3745 501 3805 δὲ
518 3746 679 3824 μειδιόωσα
698 3745 872 3824 προσέννεπε
888 3747 1082 3826 μηλοβοτῆρα,

381 3841 490 3918 χερῶν
508 3839 683 3920 μειδιόωντα
702 3840 784 3920 δι’κης
803 3839 996 3919 προπάροιθεν
1018 3837 1153 3898 clocca«.

231 3986 312 4063 Quae
339 3983 463 4046 feliciter
488 3985 596 4046 refellit
621 3986 778 4046 Schneider
802 4003 830 4059 ρ.
846 3992 917 4045 421:
945 3987 1038 4044 »Nam
1062 3987 1140 4059 quod
1165 3986 1367 4062 Hermannus,

230 4080 280 4155 qui
300 4097 326 4138 1.
343 4087 396 4139 136
417 4086 485 4154 post
504 4098 529 4140 1.
546 4088 602 4141 158
622 4082 725 4155 reponi
739 4069 863 4153 10111111,
884 4094 942 4139 non
961 4096 1105 4154 apparere
1119 4080 1190 4139 dicit
1209 4097 1262 4139 cur
1275 4081 1365 4144 Paris
