2880 4606
683 337 896 400 ..43-

232 523 265 582 δε
278 525 318 596 L;
332 524 428 599 πᾶσαν
442 521 476 582 δὲ
486 524 519 597 Ρ,
533 524 623 580 πόῖσαν
639 520 673 580 δὲ
686 523 716 594 S,
729 486 823 580 odedu
836 521 870 580 δὲ
881 523 933 594 W3
954 521 1125 600 δελωϊτερην
1138 524 1186 596 Μ;
1206 523 1303 593 defero
1313 525 1347 584 M
1352 545 1361 602 3

233 616 327 683 δι’ζετε
342 617 365 676 O
379 623 447 676 ante
467 635 541 677 corr.
560 617 763 676 Plaonasmum
783 616 1008 688 intolerabilem,
1034 618 1084 688 qui
1103 625 1148 674 est
1173 619 1202 674 in
1224 616 1362 696 lwi're'pqi

232 713 281 767 καὶ
301 709 443 786 ἀμείνονα,
464 717 643 783 remoturus,
669 711 811 769 Toumier
830 728 859 784 p.
876 718 911 769 18
932 706 1060 785 ἀμύμονα
1080 727 1132 782 pro
1147 708 1280 786 ἀμείνονα
1294 701 1362 770 conss

231 808 309 880 iecit,
324 813 404 867 recte
421 805 564 864 refutatus
579 821 597 863 a
611 803 794 876 Schneidero,
810 805 858 875 qui
878 804 907 860 in
921 819 978 861 rec.
999 820 1027 876 p.
1045 805 1098 861 197
1114 810 1263 876 comparat
1276 804 1361 862 Hom.

232 900 285 959 Od.
305 903 395 961 (13⁷6
415 896 513 956 δοκέει
531 896 681 954 τόδελωί
682 914 767 972 τερον
787 895 835 952 καὶ
855 893 967 972 ἄμεινον
989 901 1019 954 et
1043 897 1128 968 plura
1148 897 1223 955 scire
1243 899 1357 970 cupian-

231 999 289 1051 tem
307 995 422 1065 relegat
436 993 474 1051 ad
488 993 629 1050 Haasium
644 990 694 1058 tad
709 991 783 1048 Xen.
798 991 835 1048 de
849 1006 911 1062 rep.
925 990 995 1048 Lac.
1010 1006 1038 1062 p.
1056 994 1122 1061 164)
1138 997 1168 1049 et
1180 991 1362 1050 Lobeckium

232 1085 386 1159 (Aglaoph.
406 1104 435 1159 p.
452 1090 548 1155 1093).
570 1117 604 1124 -‹
626 1083 672 1141 De
693 1101 735 1140 vr.
751 1090 797 1142 80.
819 1090 854 1142 81
875 1082 948 1140 haec
961 1082 1096 1155 Lennep:
1130 1084 1226 1141 »πᾶσα
1246 1082 1280 1142 δὲ
1295 1084 1360 1141 λωι-

232 1180 315 1256 τέρην
337 1177 385 1234 καὶ
405 1175 539 1254 ἀμείνονα
560 1177 587 1234 δ.
604 1181 647 1251 μ.]
678 1178 772 1249 Vulgo
793 1177 829 1235 de
850 1177 943 1234 tribus
964 1175 1073 1234 deabus
1095 1177 1268 1251 intelligunt,
1289 1195 1360 1251 qua·

231 1289 293 1330 rum
320 1287 451 1345 quaeque
478 1271 603 1330 sollicita
631 1270 783 1328 admodum
810 1275 874 1328 erat
898 1270 935 1328 de
960 1268 1052 1328 forma
1085 1271 1359 1342 pretiosissimarum

231 1366 353 1424 vestium
373 1366 553 1437 aliarumque
567 1381 663 1422 rerum
678 1363 866 1421 edmundum
880 1363 1048 1422 muliebrem
1068 1365 1262 1435 spectantium
1277 1365 1361 1423 adiu·

233 1464 329 1518 mento
350 1458 488 1531 ornanda,
508 1465 542 1517 ut
561 1460 603 1517 ita
623 1458 771 1517 delicatuli
790 1458 916 1531 pastoris
937 1456 1057 1516 arbitrio
1076 1456 1196 1527 reliquis
1210 1458 1361 1530 pulchrior

232 1552 377 1610 diceretur
398 1558 427 1610 et
446 1551 627 1624 splendidum
644 1553 721 1609 illud
736 1552 841 1610 donum
855 1551 1007 1609 obtineret.
1040 1549 1123 1620 Quod
1137 1551 1163 1606 si
1176 1555 1272 1607 tamen
1286 1550 1360 1610 baec

232 1645 347 1704 (loluthi
366 1661 446 1703 mens
471 1643 575 1702 fuisset
594 1660 651 1701 non
674 1644 807 1701 inmerito
828 1643 1024 1715 negligentiae
1044 1643 1152 1701 crimen
1171 1643 1202 1699 in
1222 1659 1287 1700 eum
1308 1644 1361 1701 im·

230 1738 380 1810 pingeres,
401 1737 493 1809 quod,
518 1736 738 1803 nullalunonis
761 1743 811 1794 aut
831 1736 981 1794 Minervae
1002 1737 1115 1794 ratione
1133 1735 1248 1808 habita,
1273 1737 1360 1794 unius
1426 1814 1427 1817 Ἴ

233 1830 353 1888 Veneris
374 1836 505 1888 ornatum
520 1829 698 1888 solummodo
712 1829 859 1887 describat
872 1834 902 1887 et
916 1831 958 1887 sic
972 1831 1118 1897 lectorem,
1140 1829 1189 1900 qui
1203 1844 1259 1886 non
1272 1829 1361 1886 unius

134 1940 138 1947 ·
231 1923 367 1993 Veneris,
394 1921 446 1980 sed
472 1924 560 1980 trium
587 1923 707 1982 dearum
733 1931 866 1983 ornatum
895 1923 1072 2002 descriptum
1098 1923 1134 1979 iri
1159 1913 1359 1995 exspectabat,

232 2015 369 2088 decipiat.
411 2016 486 2072 Hinc
513 2015 550 2073 de
576 2017 638 2075 sola
658 2018 771 2075 Venere
792 2017 899 2089 qnippe
925 2018 972 2075 cui
991 2016 1171 2089 potissimum
1192 2015 1361 2074 conveniret

232 2107 324 2166 bellus
350 2109 406 2166 iste
427 2108 615 2167 delicatarum
636 2111 798 2182 puellarum
821 2110 953 2181 mundus,
974 2109 1161 2182 interpretari
1175 2108 1249 2167 rnalo
1265 2117 1296 2166 et
1309 2109 1361 2168 de-

232 2202 292 2260 leta
312 2201 497 2260 distinctione
517 2218 580 2260 cum
601 2210 741 2275 sequente
763 2204 907 2262 versiculo
928 2204 971 2260 ita
991 2205 1178 2275 coniungere:

422 2329 501 2385 πᾶσα
520 2325 554 2384 δὲ
575 2325 711 2405 λωϊτέρην
731 2326 780 2384 καὶ
799 2327 932 2403 ἀμείνονα
952 2325 1046 2392 deffere
1063 2324 1178 2404 μορφὴν

422 2417 528 2495 Κόπρις
545 2418 599 2495 μὲν
619 2418 772 2498 δολόμητις
793 2417 978 2488 ἀναπτύξασα
998 2418 1173 2498 καλύπτρην·

422 2509 470 2568 καὶ
489 2512 609 2588 περόνην
629 2533 657 2568 κ.
672 2533 696 2568 τ.
712 2512 753 2570 λα

231 2638 421 2711 contradixit,
443 2639 518 2710 quod
543 2641 666 2712 mireris,
688 2641 774 2699 etiam
790 2640 940 2699 Harlesius
962 2640 1112 2712 »equidem
1133 2659 1159 2700 v.
1174 2643 1210 2700 ts
1231 2642 1268 2700 de
1288 2642 1360 2701 dea·

229 2733 282 2790 bus
309 2733 440 2791 omnibus
468 2733 606 2805 intelligo.
634 2749 688 2791 nec
709 2733 847 2792 Coluthus
867 2722 1064 2805 negligentiae
1084 2733 1266 2791 adcurandus
1286 2735 1357 2792 mihi

230 2827 352 2899 videtur,
373 2827 450 2899 quod
464 2827 598 2899 Veneris,
620 2843 694 2898 quae
708 2832 805 2884 tamen
819 2827 927 2898 primas
947 2826 1029 2897 quasi
1047 2832 1146 2898 partes
1165 2826 1195 2882 in
1213 2827 1269 2886 hoc
1287 2844 1357 2899 poc·

228 2922 317 2980 matio
337 2920 435 2992 habet,
457 2925 598 2991 ornatum,
622 2936 710 2990 quam
731 2925 893 2976 ceterarum
913 2919 1042 2992 dearum,
1069 2919 1187 2978 uberius
1208 2920 1355 2979 describit.

228 3012 319 3084 Atqui
345 3013 473 3084 singulas
499 3013 536 3070 de
565 3017 669 3071 ornatu
694 3013 832 3071 sollicitas
853 3011 956 3085 fuisse,
982 3018 1011 3070 et
1031 3013 1105 3071 tales
1125 3012 1207 3070 fictas
1228 3011 1318 3071 fnisse
1338 3031 1360 3072 a.

229 3112 326 3179 poeta,
346 3113 429 3179 patet
450 3123 485 3164 ex
505 3122 591 3164 versu
607 3112 690 3165 132«.
719 3104 881 3163 Barbarum
894 3106 1037 3178 Lennepii
1057 3112 1247 3165 commentum
1268 3107 1357 3164 etiam

229 3199 319 3257 lulien
347 3199 525 3272 repudiavit,
557 3199 606 3269 qni
638 3203 734 3255 tamen
764 3198 794 3254 in
819 3201 1022 3258 commentario
1053 3199 1163 3270 aliquot
1191 3215 1292 3257 versus
1318 3232 1356 3242 -

230 3293 328 3351 nescio
342 3293 418 3350 unde
435 3327 466 3334 -
485 3293 626 3351 excidisse
641 3294 763 3366 putarit,
785 3293 887 3364 quibus
908 3293 945 3351 de
965 3293 1082 3352 Iunonis
1103 3299 1190 3365 atque
1204 3293 1360 3352 Minervae

230 3387 367 3445 exteriori
388 3386 466 3444 cultu
488 3387 583 3458 egerit
603 3392 699 3458 poeta.
732 3387 797 3457 Qua
815 3387 979 3459 suspicione
999 3387 1067 3444 mibi
1084 3402 1140 3444 non
1154 3386 1269 3444 videtur
1283 3405 1356 3460 opus

230 3496 302 3538 esse.
325 3511 361 3520 --
382 3477 424 3537 82
446 3475 565 3554 κρόπρις
579 3478 602 3538 G
616 3485 683 3538 ante
704 3497 792 3551 curr.;
812 3479 964 3558 δολόμητις
975 3477 1168 3547 ἀναπτύξασα
1187 3481 1233 3553 Μ;
1254 3477 1357 3557 ἀναπή-

231 3569 306 3640 ξασα
319 3572 358 3643 L3
379 3567 538 3646 xaldssssqv
552 3571 594 3643 M,
616 3572 665 3630 ubi
686 3572 761 3631 duae
781 3579 893 3631 tantum
905 3574 1022 3631 litterae
1042 3580 1144 3632 erasae
1165 3580 1240 3645 sunt,
1260 3571 1360 3632 fuerat

229 3661 380 3741 καλόπτην.
426 3662 477 3723 82.
499 3663 538 3722 83
564 3663 683 3743 περόνην
714 3670 779 3739 (pro
809 3664 924 3745 περόνη)
952 3663 1071 3744 κομάων
1102 3670 1167 3739 (pro
1198 3664 1360 3742 κόρυμβον)

230 3764 260 3816 et
276 3758 379 3835 χαίτην
400 3760 465 3830 (pro
485 3755 591 3835 δειρήν)
613 3759 695 3818 codd.
717 3765 747 3817 et
767 3758 832 3816 edd.
854 3775 960 3818 omnes.
1003 3760 1155 3817 »Mancum
1177 3775 1240 3818 esse
1260 3760 1357 3818 locum

230 3850 302 3907 vidit
327 3850 494 3910 Wernikius
527 3854 632 3912 colluto
657 3854 750 3912 Noun.
770 3860 821 3925 32,
850 3859 883 3911 15
911 3850 959 3909 καὶ
984 3851 1089 3932 περόνη
1121 3854 1210 3926 (vulg.
1235 3852 1360 3934 περόνην

233 3943 330 4014 [quam
348 3943 502 4002 lectionem
515 3946 642 4004 serravit
654 3946 742 4003 etiam
754 3945 908 4018 Koechlyp
928 3943 1064 4024 συνέεργε
1078 3943 1143 4003 νέον
1157 3928 1258 4023 κληῗδα
1267 3943 1361 4024 χιτῶ-

229 4054 278 4101 νας
303 4033 351 4092 καὶ
376 4036 498 4116 πλεκτὴν
525 4037 638 4096 dudem
663 4035 753 4114 κόρην
772 4034 880 4114 ἐδίηνεν
901 4033 1006 4114 ἐλαίῳ(
1029 4038 1136 4099 Bekk.
1178 4039 1234 4110 Qui
1254 4055 1362 4101 versus
