2880 4606
623 301 836 364 ..37-

168 487 187 546 f.
209 506 234 546 v.
250 491 305 548 sis
326 487 411 547 modo
426 503 517 544 nexus
538 485 579 544 ibi
599 487 696 545 sanior
710 492 796 545 esset.
829 486 994 546 Literamm
1008 486 1140 560 apicibus
1153 487 1289 545 insistens

168 598 271 640 censor
284 582 350 639 Hal.
363 582 383 638 l.
399 596 423 639 c.
440 578 575 638 eliciebat
591 574 734 656 Ἀπάτης
751 578 886 655 βασίλεια
899 579 948 636 καὶ
958 578 1117 658 Ἃρμονίηςι
1131 581 1174 639 ito
1187 595 1288 654 posses

168 684 199 733 et
218 671 330 751 ἅκτης
346 673 415 750 ,dac
437 679 469 731 ut
488 678 557 733 uota
583 680 627 732 est
649 674 747 732 Venus
773 675 803 732 iu
830 674 963 734 litoribus
989 674 1082 744 culta,
1108 671 1159 731 cir.
1180 690 1206 731 v.
1222 680 1287 756 2⁰2?

167 785 188 827 s.
212 774 241 826 et
260 768 371 828 faceret
396 766 535 826 eiusmodi
555 766 652 824 Venus
678 767 794 826 litorum
818 767 857 825 ad
877 766 1030 826 Thetidem
1056 767 1210 837 marinam3
1235 766 1287 825 sed

167 869 319 933 utrumque
338 878 396 920 non
421 861 513 918 minus
534 860 659 919 alienum
686 864 731 918 est
751 859 788 918 ab
808 858 942 937 δαρανίᾳ,
968 876 1053 933 quam
1078 860 1104 918 si
1129 859 1192 932 quis
1204 851 1288 936 ’Ἄτης

167 955 315 1013 scriberet.
357 953 415 1011 Sed
441 954 502 1012 hec·
515 953 562 1011 via
582 952 699 1011 offerret
729 969 760 1011 se
786 953 873 1012 etiam
900 950 1010 1030 ἀγάπης
1035 951 1104 1026 βαα.
1125 957 1223 1025 aptum
1249 951 1287 1010 ad

168 1064 291 1118 sensum,
312 1047 396 1107 modo
416 1046 521 1105 idonea
537 1050 643 1118 poetae
656 1047 830 1106 auctoritate
843 1046 916 1104 haec
929 1064 984 1106 vox
997 1043 1159 1105 confirmari
1178 1051 1286 1118 posset.
1360 1068 1363 1072 ·

267 1141 328 1199 Iam
353 1140 525 1200 coniecturis
541 1139 628 1219 ,latus
652 1144 736 1212 patet
760 1155 891 1212 campus:
922 1136 986 1196 οὐδ’
1008 1135 1145 1216 Ἐρατοῦς
1167 1136 1198 1214 β.
1218 1133 1286 1218 οὐδὲ

166 1231 267 1290 Πύθου
278 1232 308 1308 β.
324 1230 357 1290 οὐ
372 1232 506 1309 Χαρίτων
518 1231 549 1308 β.
565 1227 632 1289 οὐδὲ
646 1230 736 1307 γάμου
749 1231 778 1304 β.
792 1227 826 1288 οὐ
839 1231 938 1308 κοίτης
955 1230 985 1306 β.
1007 1238 1058 1290 aut
1077 1232 1201 1303 denique
1220 1227 1285 1287 οὐδ’

165 1323 248 1403 εὐνῆς
258 1323 288 1400 β.
309 1327 338 1383 iu
353 1326 429 1398 quod
444 1331 473 1383 et
485 1325 567 1383 Dem.
583 1323 688 1396 Popcff
698 1324 807 1393 incidit,
827 1325 952 1383 omnium
965 1323 985 1381 f.
1000 1325 1140 1398 optimum
1153 1322 1204 1382 cfr.
1220 1331 1284 1383 202.

164 1419 205 1477 Et
224 1425 256 1477 ut
275 1419 347 1478 nihil
373 1421 545 1477 intentatum
572 1418 781 1488 relinquamus,
806 1415 930 1475 fortasse
953 1413 1102 1493 Ἀφροδίτη
1128 1422 1174 1474 est
1197 1417 1284 1476 inter·

164 1517 385 1583 pretamentum,
407 1528 469 1568 eum
484 1514 571 1582 poeta
585 1508 726 1566 dedisset:
747 1503 814 1564 οὐδ’
834 1503 905 1584 αὐτη
923 1506 1057 1582 βασίλεια
1077 1506 1126 1563 καὶ
1140 1505 1285 1587 Ἁρμονίης

165 1601 368 1681 γενέτειρα,
398 1604 423 1660 si
444 1602 560 1674 quidem
581 1607 610 1659 et
629 1606 722 1660 mater
743 1608 773 1660 et
792 1602 893 1674 regina
912 1602 1088 1660 Harmoniae
1107 1601 1206 1660 Venus
1226 1604 1283 1663 dici

164 1703 306 1769 poteret«.
337 1731 369 1738 -
399 1695 526 1755 »Censor
546 1695 802 1768 Heidelbergensis
828 1695 951 1754 coniecit
971 1694 1173 1773 συναρρονίης,
1197 1712 1282 1768 quam

163 1807 261 1848 vocem
282 1791 474 1849 Schneiderus
500 1791 529 1848 in
553 1791 665 1848 lexicon
685 1805 767 1847 suum
788 1795 820 1846 ut
839 1788 923 1847 valde
948 1786 1065 1845 dubiam
1089 1789 1186 1848 nescio
1207 1789 1282 1848 unde

163 1885 310 1942 intulerat.
342 1885 496 1943 Pcsscvius
517 1883 621 1940 omisit.
652 1881 828 1940 Wernikius·
845 1882 905 1956 [ap.
926 1881 1105 1956 Bekkerum]
1131 1883 1217 1940 alium
1237 1898 1282 1940 re-

162 1977 238 2046 quiri
258 1978 416 2048 genitivum
435 1976 544 2047 videns,
565 1976 658 2032 latere
672 1991 737 2033 eum
751 1976 781 2032 in
794 1991 864 2035 voce
886 1971 957 2052 αὐτη
970 1975 1101 2047 putabat.
1133 1975 1179 2032 Ita
1192 1975 1282 2033 sensit

162 2069 249 2125 etiam
270 2069 318 2139 qui
339 2065 400 2125 οὐδ’
425 2067 538 2145 Ἀπάτης
556 2066 690 2142 βασίλεια
710 2069 840 2139 coniecit,
867 2068 944 2139 quod
964 2084 1022 2127 non
1042 2068 1195 2126 convenire
1214 2068 1281 2126 huie

160 2160 223 2217 loco
244 2167 324 2217 reete
344 2162 455 2218 monuit
475 2159 613 2218 Graefius.
654 2159 685 2216 Si
705 2161 838 2232 genitivis
859 2160 925 2217 aliis
951 2176 1023 2231 opus
1045 2166 1102 2230 est,
1131 2160 1191 2217 tale
1212 2159 1281 2230 quid

160 2253 300 2325 seriptum
330 2254 471 2325 suspicari
496 2253 607 2324 licebit,
637 2248 699 2308 οὐδ’
731 2248 801 2329 αὐτὴ
824 2251 960 2327 βασίλεια
981 2249 1188 2329 χοροπλεκέιυν
1216 2249 1281 2326 ὑμε-

161 2345 247 2401 ναίων
261 2344 310 2400 καὶ
325 2345 473 2421 γλυκεροῖο
488 2344 590 2403 πόθοιο
606 2343 654 2401 καὶ
668 2343 800 2424 θυμονίης
817 2341 974 2422 Ἀφροδίτη.
1011 2345 1062 2404 siu
1074 2345 1167 2403 minus
1187 2345 1282 2418 potuit

160 2438 209 2495 ille
230 2438 356 2497 scribere
377 2436 447 2497 καθ’
472 2437 619 2517 δρμονίην,
644 2445 677 2497 ut
700 2435 768 2513 μεθ’
793 2437 925 2517 δρμονίην
950 2436 1115 2516 Ἀφροδίτης
1142 2438 1279 2511 scriptum

161 2535 206 2588 est
225 2549 250 2588 v.
266 2534 330 2591 375.
371 2532 429 2591 Sed
450 2534 475 2590 si
495 2549 592 2591 verum
611 2532 698 2591 fateri
718 2539 842 2607 oportet,
862 2533 933 2590 nihil
952 2533 999 2591 hic
1018 2532 1091 2590 certi
1111 2533 1173 2590 sine
1194 2531 1277 2590 libris

160 2625 282 2682 inveniri
301 2631 425 2697 potest«.
455 2626 639 2684 Hermann.
660 2644 687 2700 p.
705 2634 749 2685 10.
771 2658 806 2667 —
827 2626 969 2685 Tournier
987 2643 1016 2699 p.
1034 2632 1060 2684 9.
1077 2633 1112 2684 10
1134 2626 1279 2698 irrigatam

160 2718 320 2788 lectionem,
342 2734 426 2789 quam
446 2719 566 2792 retinui,
590 2720 718 2792 ineptam
745 2735 809 2776 esse
834 2719 995 2790 contendit,
1021 2734 1084 2775 oum
1109 2718 1179 2775 nihil
1199 2715 1279 2776 aliud

160 2809 321 2882 significare
335 2812 434 2883 possit,
456 2828 541 2883 quem
557 2828 666 2884 »neque
687 2811 791 2885 Venus,
813 2827 887 2884 quae
907 2813 972 2885 ipsa
992 2810 1132 2870 connubio
1151 2818 1278 2885 praeest,

159 2902 189 2960 id
210 2909 267 2975 est,
293 2918 366 2974 quae
387 2905 526 2964 connubio
545 2905 623 2963 haud
649 2920 731 2963 secus
752 2911 839 2977 atque
859 2904 943 2978 Iunc,
969 2920 1039 2964 vera
1059 2903 1193 2963 connubii
1213 2904 1278 2976 dea,

158 3002 304 3069 praeest«,
333 3004 362 3056 et
387 2999 460 3056 hane
482 3015 595 3071 quoque
615 2999 801 3070 sententiam,
825 3000 901 3057 male
924 3015 980 3057 non
1001 3003 1068 3057 aute
1093 2993 1164 3076 αὐτη
1183 2998 1279 3071 posita

159 3092 261 3149 vocula
281 3090 337 3162 καί,
357 3108 414 3151 nou
434 3093 504 3150 satis
526 3099 655 3150 correcte
670 3093 819 3164 exprimat.
850 3090 963 3149 Deinde
978 3091 1088 3164 pergit:
1111 3086 1190 3147 »οὐδ’
1209 3087 1278 3168 αὐτη

158 3199 344 3255 progressum
359 3184 500 3255 quendam
516 3185 655 3242 orationis
669 3183 798 3256 denotat,
820 3185 869 3254 qui
882 3185 977 3241 nullus
996 3189 1049 3252 est,
1070 3184 1094 3240 si
1115 3183 1151 3242 ab
1170 3184 1277 3244 lunone

158 3275 277 3334 deorum
297 3277 399 3348 regina
425 3277 463 3334 ad
483 3278 625 3335 Venerem
650 3276 782 3350 procedit
801 3282 905 3350 poeta,
930 3278 1102 3350 praesertim
1122 3293 1185 3334 cum
1206 3278 1276 3336 Iuno

159 3369 220 3427 sola
244 3371 378 3429 connubii
402 3372 504 3442 regina
529 3372 591 3429 iure
622 3387 656 3429 ac
680 3372 783 3429 merito
817 3372 874 3429 diei
899 3372 1018 3444 possit«.
1063 3372 1159 3443 Quare
1184 3377 1277 3430 trans·

157 3464 258 3533 positis
278 3463 467 3521 hemistichiis
486 3465 579 3522 locum
600 3465 642 3522 sic
662 3464 823 3524 constituit:

311 3573 367 3629 τῶν
387 3571 421 3632 δὲ
437 3568 511 3650 μεθ’
531 3570 685 3651 ὡμάρτησε
705 3573 754 3631 καὶ
769 3572 914 3651 Ἁρμονίης
932 3571 1083 3650 Ἀφροδιτη.

313 3662 381 3723 Οὐδ’
400 3662 471 3743 αὐτὴ
489 3665 621 3740 βασίλεια
641 3664 795 3744 κασιγνήτη
815 3663 881 3731 Διὸς
895 3659 961 3743 Ἥρη

309 3756 452 3837 ἐρχομένη
471 3757 591 3836 δήθυνεν
611 3756 644 3825 ἐς
664 3756 756 3818 ἄλσεα
775 3755 957 3837 Κενταύροιο.

157 3864 240 3937 Quod
261 3866 424 3938 significare
444 3871 505 3928 vult
526 3869 618 3928 »Gom
631 3871 765 3943 Apolline
788 3875 818 3928 et
838 3870 931 3928 Musis
952 3875 1048 3927 autem
1069 3872 1182 3926 etcum
1203 3869 1275 3928 Har·

155 3962 264 4033 monia,
297 3976 370 4031 quae
395 3963 546 4020 Musarum
572 3968 665 4022 mater
691 3963 773 4022 audit
799 3963 877 4036 apud
900 3960 1072 4034 Euripidem
1096 3960 1186 4034 (Med.
1207 3967 1274 4032 830)

155 4055 234 4113 venit
252 4055 357 4112 Venus.
386 4054 475 4114 Immo
493 4053 564 4115 Iuno
584 4072 698 4129 quoque
713 4098 720 4113 .
735 4099 742 4112 .
758 4077 782 4112 ,ι
815 4056 897 4125 Quae
916 4055 985 4113 licet
1003 4059 1088 4114 acute
1110 4055 1275 4128 excogitata
