2880 4606
632 274 820 336 ..4-

150 461 303 529 Valeraei
335 458 542 546 (Antverpiae
571 459 666 540 1539)
700 477 797 541 prosa
832 457 977 521 oratione
1004 455 1105 534 facta,
1141 454 1198 520 sed
1227 455 1286 520 illa

151 572 255 640 multo
276 571 417 637 meliore.
451 569 523 634 Non
544 569 649 634 nullos
665 569 803 633 Aldinae
826 588 951 634 errores
967 566 1141 631 maximam
1156 571 1284 650 partem

152 682 400 768 typographicos
412 681 550 747 correxit
565 680 663 745 etiam
673 679 871 744 Perdrierius
885 678 988 744 homo
1002 677 1173 760 singularis
1186 676 1283 742 Grae-

153 813 210 859 cae
231 792 358 874 linguae
373 791 571 875 ignorantiae
587 789 728 874 (coluthi
742 789 867 872 Raptus
882 787 1024 853 Helenae
1044 808 1106 871 per
1122 787 1282 852 Renatum

153 903 366 971 Perdrierium
394 902 437 967 ad
465 901 597 967 verbum
626 899 817 978 translatus,
848 918 920 963 cum
948 894 1098 963 br‘evibus
1122 899 1281 963 Bernardi

155 1012 331 1080 Bertrandi
345 1009 613 1077 annotationibus.
643 1007 806 1075 1155117.
823 1008 1064 1091 0555151Β5511.
1084 1009 1179 1092 1555)
1196 1010 1284 1074 55155

153 1123 389 1190 emendationes
404 1142 462 1206 ogo
478 1121 599 1204 primus
612 1121 645 1185 in
659 1119 743 1184 notis
756 1119 1011 1184 commemoravi.
1027 1157 1066 1167 -
1079 1120 1186 1185 Etiam
1209 1120 1280 1184 Col·
1347 1152 1358 1174 ·

151 1233 235 1299 luthi
256 1253 385 1298 carmen
406 1232 440 1295 in
463 1230 585 1314 Corpus
607 1231 779 1296 Poetarum
796 1228 993 1295 Graecorum
1008 1229 1195 1312 Principum
1217 1230 1283 1294 He-

151 1343 231 1410 roioi
246 1343 400 1408 Carminis
413 1363 435 1407 a
445 1363 479 1406 se
495 1362 524 1407 5.
543 1343 625 1407 1556
640 1340 761 1410 editum
778 1341 900 1423 recepit
916 1341 1071 1405 Henricus
1087 1340 1280 1423 Stephanus,

152 1452 292 1520 Brod'aei
312 1452 500 1536 plerumque
526 1472 625 1534 opera
646 1450 698 1516 hic
719 1450 796 1516 inde
818 1450 1022 1516 emendatius
1044 1450 1175 1515 factum.
1221 1450 1281 1514 Cu·

152 1564 203 1628 ius
229 1567 336 1630 textus
363 1563 472 1626 multis
495 1561 687 1645 typographi
714 1561 875 1626 erroribus
903 1561 1023 1626 additis
1052 1561 1207 1643 repetitus
1231 1566 1280 1626 est

151 1675 186 1738 in
206 1673 308 1737 Lectii
330 1672 471 1756 0555555
494 1674 664 1737 Poetarum
679 1671 876 1738 Graecorum
898 1671 1022 1756 (Golon.
1040 1671 1160 1737 Allobr.
1179 1675 1275 1755 1606)

153 1789 187 1849 et
206 1783 241 1848 in
255 1783 382 1849 Aemilii
400 1783 489 1848 Porti
511 1782 650 1848 editione
673 1782 833 1867 (Genavae
851 1783 946 1864 1609)
971 1782 1058 1847 haud
1073 1803 1148 1848 raro
1171 1789 1280 1848 tamen

153 1915 194 1959 ex
215 1894 348 1959 editoris
366 1893 491 1977 ingenio
506 1900 651 1959 correcta
664 1893 714 1958 vel
729 1894 837 1976 potius
859 1898 1022 1976 corrupta,
1049 1913 1132 1976 quae
1154 1898 1187 1957 ct
1209 1894 1281 1977 ipsa

153 2004 232 2069 satis
253 2004 455 2088 neglegenter
470 2005 702 2070 Amstelodami
723 2005 811 2089 apud
826 2004 930 2070 danes.
948 2003 1173 2087 Waesbergios
1196 2025 1280 2069 anno

155 2117 236 2181 1735
259 2131 373 2180 recusa
395 2121 452 2180 est.
495 2113 611 2199 Neque
633 2116 735 2180 multo
764 2115 836 2199 plus
858 2114 1048 2206 profuerunt
1069 2115 1185 2198 reliqui
1209 2136 1280 2179 sae-

154 2225 216 2291 culi
245 2226 359 2292 decimi
386 2227 515 2309 septimi
545 2227 710 2293 editiones.
760 2227 869 2291 Sixtus
896 2226 1100 2309 Henricpetri
1131 2226 1277 2290 Basileac

153 2338 282 2402 51569
305 2356 368 2400 555
389 2337 450 2400 5151
472 2336 623 2400 Aldinum
646 2336 809 2420 exemplar
830 2336 944 2401 recudi
968 2336 1054 2417 fecit,
1077 2337 1222 2400 imitatus
1245 2337 1279 2399 in

152 2445 215 2510 hac
239 2466 380 2510 555555
404 2448 487 2511 1574
508 2466 529 2510 5
549 2446 707 2511 Michaele
729 2446 882 2512 Neandro
906 2447 1099 2530 (Ammona,
1134 2446 1221 2529 apud
1247 2447 1280 2509 J.

154 2553 348 2640 Crispinum)
371 2557 427 2639 qui
447 2562 578 2639 praeter
601 2557 776 2622 versionem
789 2562 822 2622 et
836 2562 929 2622 notas
943 2558 978 2621 in
998 2558 1095 2622 rebus
1117 2556 1277 2640 mytholo-

154 2664 232 2750 gicis
257 2665 454 2750 explicandis
481 2667 655 2732 maximam
679 2672 805 2750 partem
830 2666 954 2750 positas
980 2668 1058 2732 satis
1087 2668 1180 2731 duxit
1201 2668 1281 2732 Bro-

156 2775 229 2841 daei
251 2776 464 2842 correctiones
485 2777 518 2840 in
546 2776 693 2843 editionis
715 2778 857 2862 margine
881 2798 1044 2862 apponere
1066 2784 1099 2844 et
1121 2799 1280 2844 commen-

155 2886 244 2953 dare.
273 2887 365 2952 Hanc
378 2888 568 2970 praesertim
584 2888 755 2953 editionem
777 2893 904 2953 secutus
927 2895 976 2953 est
991 2888 1175 2971 Stephanus
1193 2891 1281 2956 Ube-

155 2996 205 3063 lus
228 2997 474 3080 (Franequeraa
496 3019 549 3081 ap.
572 2997 740 3083 Aegidium
763 2999 929 3064 Radaeum
959 3020 988 3064 a.
1014 3001 1120 3083 1600.)
1168 3001 1276 3064 Etiam

156 3105 281 3172 Claudii
303 3108 477 3192 Dausqueii
513 3110 759 3177 »denotationes
786 3110 820 3174 in
847 3110 1036 3176 Coluthum«
1070 3113 1182 3195 (1614)
1216 3111 1279 3176 Va·

156 3216 268 3283 lentini
295 3218 423 3285 Ernesti
451 3220 621 3288 Loescheri
665 3220 868 3287 »Lectionum
898 3222 1160 3288 coluthianorum
1196 3224 1278 3289 liber

157 3326 363 3411 singularis«,
393 3330 564 3396 Christiani
591 3331 730 3396 Feusteli
763 3331 985 3397 ›Miscellanea
1012 3333 1276 3399 Coluthianarum

157 3437 359 3505 Lectionum«
399 3440 648 3525 (Vittembergae
678 3443 773 3527 1724)
807 3444 886 3507 nihil
922 3445 1011 3509 aliud
1043 3465 1140 3527 quam
1175 3444 1281 3510 erudi-

157 3549 253 3617 tionis
275 3550 464 3616 vanissimae
486 3550 677 3636 farraginem
698 3553 741 3617 ad
763 3553 946 3619 Colluthum
970 3556 1099 3620 minime
1123 3556 1279 3637 pertinen·

157 3665 223 3727 tem
246 3660 406 3727 exhibent.
452 3662 542 3726 Anno
566 3661 1192 3747 (155555517471551555551111051151151
1215 3667 1282 3731 edi-

158 3770 205 3836 tio
227 3792 248 3835 a
270 3771 301 3836 J.
324 3771 439 3837 Daniel
461 3794 482 3837 a
502 3774 630 3859 Lenncp
653 3782 767 3841 curata
796 3777 1006 3861 (Leovardiae
1029 3797 1068 3842 ex
1091 3777 1172 3843 offic.
1197 3779 1280 3844 Guil.

161 3880 292 3947 055155.
310 3885 406 3967 1747)
430 3905 512 3967 quae
530 3892 660 3968 praeter
678 3891 810 3968 textum,
833 3888 1010 3953 versionem
1023 3888 1158 3954 latinam
1181 3896 1214 3955 et
1235 3893 1282 3956 in·

161 3991 264 4057 dicem
287 3993 457 4060 verborum
480 3998 619 4062 continet
634 3997 802 4063 nonnullas
824 4003 918 4063 notas
933 3998 1133 4066 doctissimas
1147 4001 1283 4067 Falken·
