2880 4606
659 314 892 376 -112-

212 516 299 575 posse
324 500 437 573 copula.
477 504 632 573 praeterea
663 500 719 558 etsi
740 497 844 575 ῥόδον,
870 497 906 556 de
936 514 992 569 quo
1017 497 1153 557 mulieres
1176 499 1349 557 nominatim

214 612 272 655 non
292 598 377 654 erant
388 595 511 662 locutae,
533 610 569 652 ex
589 591 723 669 ὡραίου
744 591 882 664 λειμῶνος
895 591 1040 650 mentione
1056 596 1206 664 arreptum
1220 591 1257 650 ah
1272 591 1346 650 Her·

215 689 310 748 mione
331 687 389 745 dici
408 688 515 760 possit,
535 704 591 746 non
613 685 728 744 videtur
747 694 844 744 tamen
864 685 906 743 ita
926 685 1036 743 servari
1055 701 1142 757 posse
1162 685 1344 757 vocabulum,

215 786 249 839 ut
268 781 353 839 simul
373 781 430 839 ista
449 778 542 852 figura
566 784 618 838 aut
636 780 743 837 vitetur
770 783 822 836 aut
845 778 951 851 copula
974 778 1111 837 restituta
1136 779 1165 836 iu
1191 794 1292 837 veram
1317 784 1348 837 et

215 874 413 946 incorruptam
442 871 562 931 formam
592 871 703 930 redeat.
743 871 843 942 itaque
867 871 1054 930 amandemus
1080 871 1252 930 vocabulum
1277 873 1351 930 scri·

215 966 374 1038 hamusque
387 959 561 1040 εὔδροσον
574 960 607 1030 ἐς
621 963 744 1040 λειμῶνα
754 962 818 1035 (cfr.
833 963 980 1036 Aristoph.
995 964 1048 1022 Au.
1062 970 1116 1022 345
1134 962 1192 1021 ὅσα
1205 960 1232 1020 τ’
1247 960 1348 1040 εὐδρό-

216 1078 287 1123 σοος
307 1059 359 1137 γῆς
379 1055 484 1122 τόπους
504 1053 591 1136 ἔχετε
613 1055 736 1133 λειμῶνά
756 1076 803 1130 τε,
824 1058 968 1116 TheocrIt.
991 1065 1036 1130 25,
1064 1064 1099 1116 16
1121 1056 1259 1133 λειμῶνες
1280 1055 1352 1114 ὑπό-ψ

217 1151 333 1228 δροσοι)
347 1151 424 1223 quod
438 1152 585 1222 aliquanto
603 1153 766 1209 accuratius
782 1151 940 1224 respondet
955 1152 1107 1208 mulierum
1123 1151 1257 1222 orationi,
1272 1167 1351 1222 quae

205 1243 355 1322 ’λειμῶνος
389 1242 511 1320 δροσόεν
540 1240 636 1300 πεδίον
667 1250 905 1302 memoraverant.
952 1259 987 1302 ac
1017 1243 1102 1303 video
1132 1259 1208 1302 nunc
1238 1243 1352 1302 eisdem.
1432 1258 1434 1263 ’

216 1353 328 1412 mecum
354 1337 485 1409 vestIgiis
505 1337 645 1394 institisse
667 1335 821 1408 Graefinm,
847 1338 895 1408 qui
919 1332 954 1401 ἐς
974 1334 1080 1412 δρόσον
1105 1337 1239 1396 coniecit.
1270 1337 1347 1409 quod

218 1447 269 1490 our
289 1430 359 1489 ferri
379 1434 506 1502 nequeat
525 1431 596 1488 satis
618 1429 726 1487 dietum
748 1436 818 1488 est«
860 1427 947 1504 δόμον
967 1446 1020 1503 pro
1038 1427 1127 1506 ῥόδον
1148 1431 1221 1490 coni
1256 1430 1347 1489 Tour-

216 1524 280 1581 nier
304 1539 333 1595 p.
355 1529 406 1594 43,
438 1521 490 1580 sed
516 1522 663 1593 vulgatam
692 1525 772 1579 recte
798 1518 927 1579 defendit
951 1521 1062 1580 Tiedke
1087 1519 1116 1579 in
1142 1522 1253 1583 Herma
1276 1523 1353 1582 XIII.

216 1634 244 1690 p.
268 1623 333 1686 354,
355 1616 405 1674 ubi
424 1620 578 1688 postquam
597 1615 688 1672 multa
715 1615 815 1672 similis
842 1614 1008 1687 anaphorae
1031 1616 1163 1689 exempla
1189 1632 1225 1675 ex
1244 1618 1347 1678 Nonno

219 1710 385 1781 collegerat,
405 1708 478 1766 haec
498 1708 535 1766 de
555 1713 653 1766 nostro
674 1708 751 1766 loco:
774 1707 886 1765 »Erunt
904 1706 1029 1766 fortasse
1048 1710 1097 1779 qui
1111 1724 1198 1767 versu
1212 1717 1269 1769 348
1284 1706 1346 1767 aa

218 1798 377 1866 κελεύθους
396 1798 438 1865 Ἐς
459 1799 563 1877 ῥόδον,
590 1795 626 1864 ἐς
652 1798 775 1875 λειμῶνα
796 1801 960 1860 CoIIuthum
986 1803 1067 1860 illum
1087 1802 1203 1862 dicendi
1228 1805 1344 1864 modum

218 1896 261 1954 ita
281 1895 425 1953 imitatum
445 1911 509 1954 esse
530 1896 694 1953 existiment
715 1898 752 1964 (v.
766 1895 851 1955 Dion.
872 1895 968 1954 V262
990 1895 1032 1961 εἰς
1052 1892 1127 1968 ἕλος,
1149 1896 1193 1961 εἰς
1213 1896 1346 1972 λειμῶνα,

217 1989 302 2048 1112
323 1985 378 2066 οὐχ
392 1985 469 2062 ἕλος,
490 1986 523 2045 οὐ
538 1988 683 2064 λειμῶνες,
703 1988 744 2046 IV
759 1995 814 2047 299
835 1988 869 2044 οό
889 1989 983 2064 νομόν,
1004 1986 1037 2046 οὐ
1059 1988 1193 2065 λειμῶνα)
1216 1997 1249 2049 ut
1269 2008 1349 2050 eum·

220 2082 285 2141 dem
299 2083 432 2141 Nonnum
453 2089 569 2142 secutus
591 2084 674 2141 simul
687 2099 820 2143 rosarum
837 2072 1011 2141 mentionem
1031 2081 1142 2141 faceret
1163 2087 1202 2152 (v.
1216 2084 1302 2144 Dion.
1316 2086 1346 2144 11

221 2179 256 2236 te
274 2174 391 2253 ῥοδόεις
411 2172 439 2232 δ’
464 2172 628 2252 ἀμοιθόνετο
650 2173 761 2251 λειμών,
782 2176 906 2234 XLVIII
921 2181 977 2234 514
998 2172 1193 2240 ἀνθεμόεντος
1213 2173 1276 2235 ἔσω
1293 2177 1347 2235 λει·

214 2270 322 2346 μῶνος,
342 2271 468 2328 XXXIV
484 2272 538 2330 10⁷
559 2264 663 2327 οὔποτε
682 2271 758 2325 τοῖον
773 2265 874 2344 ἄγουσι
884 2265 973 2346 ῥόδον
988 2262 1255 2346 λειμωνιθεςὮραι,
1269 2272 1347 2329 Mus.

219 2380 245 2437 ν.
267 2371 303 2423 60
321 2362 420 2440 ῥόδων
441 2363 586 2439 λειμῶνα).
624 2365 698 2422 Nam
724 2363 847 2420 ancillae
872 2361 989 2433 quidem
1008 2380 1034 2419 v.
1056 2367 1112 2421 342
1138 2363 1275 2422 dixerant
1299 2363 1347 2421 aot

217 2453 251 2521 ἐς
272 2455 396 2532 λειμῶνα
406 2455 538 2532 μολοῦσα
552 2453 666 2531 Ὡρόων
687 2452 906 2530 δροσόεντος
927 2451 999 2529 ὑπὲρ
1014 2453 1122 2511 πεδίοιο
1136 2453 1273 2529 θαάσσει,
1294 2458 1345 2515 aed

218 2550 284 2608 ideo
305 2549 480 2607 Hermionae
502 2564 615 2619 quoqne
639 2547 784 2606 roscidum
810 2553 925 2619 pratum
946 2548 1151 2621 appellandum
1178 2548 1269 2609 fuisse
1290 2568 1344 2609 non

219 2640 282 2701 iere
303 2643 453 2714 quisquam
473 2641 618 2713 probabit.
648 2641 712 2701 Hoc
733 2647 845 2699 certum
864 2639 987 2709 videtur,
1008 2643 1032 2698 si
1051 2641 1082 2698 id
1096 2642 1236 2701 voluisset
1251 2644 1345 2704 Collu-

219 2736 296 2809 thus,
317 2753 381 2794 eum
396 2752 453 2796 non
466 2731 605 2812 εὔδροσον
622 2736 754 2811 λειμῶνα,
775 2736 852 2808 quod
870 2734 979 2793 frustra
992 2735 1196 2808 Aristophanis
1216 2741 1347 2813 exemplo

220 2827 400 2902 defenditur,
426 2832 599 2902 scripturum
625 2829 730 2897 fuisse,
757 2829 809 2887 sed
834 2829 877 2894 εἰς
902 2828 1043 2906 δροσερὸν
1070 2829 1193 2905 λειμῶνα
1215 2832 1292 2903 quod
1313 2849 1349 2890 ex

218 2923 320 2982 Nonno
340 2925 415 2982 hene
435 2929 532 2982 norat:
555 2922 609 2979 VH
629 2929 684 2981 346
705 2921 754 2978 καλ
776 2921 918 2998 δροσεροῦ
940 2921 1085 2997 λειμῶνος,
1106 2923 1191 2981 XLII
1210 2922 1260 2980 καὶ
1279 2923 1345 3000 δρο·

219 3014 306 3093 σερδν
327 3015 464 3090 λειμῶνα,
489 3016 517 3073 Κ
539 3022 573 3073 16
595 3013 638 3078 εἰς
662 3011 822 3091 δροσεροὺς
847 3014 1013 3089 λειμῶναςα
1041 3048 1077 3057 -
1103 3015 1207 3092 λειμων
1233 3013 1282 3072 ότι
1301 3017 1347 3089 Μ;

219 3128 268 3170 μοι
287 3106 457 3185 φθεγγεσθε
476 3108 523 3180 Μ,
548 3107 625 3165 unde
642 3127 692 3179 μοι
712 3105 882 3184 φθέγγεσθε
903 3108 967 3165 edd.
995 3108 1063 3167 inde
1089 3125 1107 3167 a
1127 3109 1273 3168 Bekkero.
1309 3128 1348 3185 με

221 3200 394 3279 φθέγξασθε
413 3203 476 3260 rell.
499 3201 564 3259 edd.
586 3208 615 3259 et
636 3201 718 3260 codd.
734 3202 805 3260 dett.
821 3207 940 3274 praeter
955 3201 986 3275 O,
1007 3203 1056 3273 qui
1071 3201 1104 3258 τί
1108 3200 1150 3278 με’
1160 3200 1353 3279 φθέγξασθαι.

220 3329 325 3400 hahet3
346 3292 477 3404 γονοῖνθές
497 3328 528 3387 0.
553 3359 587 3370 -
613 3327 684 3386 Post
703 3328 779 3386 huno
802 3344 915 3386 versum
940 3330 1066 3402 quinque
1083 3331 1230 3388 minimum
1249 3346 1348 3389 versus

222 3421 405 3481 intercidisse
428 3428 508 3480 reete
533 3422 606 3479 vidit
631 3419 791 3479 Schneider
815 3439 843 3494 p.
864 3423 930 3480 407.
956 3428 1027 3482 408:
1060 3424 1170 3482 »omnis
1198 3424 1273 3483 enim
1298 3423 1355 3481 ille·
1387 3467 1391 3470 -

221 3532 325 3588 sermo,
347 3517 395 3586 qui
416 3521 463 3574 est
482 3531 500 3573 a
520 3532 606 3574 versu
626 3523 682 3575 330
703 3515 741 3574 ad
761 3533 787 3573 v.
809 3522 874 3588 362,
897 3533 954 3575 non
974 3521 1072 3590 potest
1093 3517 1194 3576 eodem
1215 3523 1347 3591 tempore

221 3609 336 3668 habitus
358 3625 430 3667 esse.
470 3626 536 3668 nam
559 3625 622 3667 eam
643 3611 705 3668 eius
725 3615 853 3682 partem,
880 3626 954 3681 quae
975 3617 1020 3670 est
1040 3627 1059 3670 a
1083 3629 1158 3670 vera.
1180 3619 1236 3671 330
1257 3627 1351 3683 usque

222 3704 260 3762 ad
280 3721 306 3761 v.
322 3710 378 3763 343
399 3711 523 3777 apparet
541 3704 672 3762 habitam
693 3721 758 3763 esse
779 3720 893 3777 mane,
914 3721 1000 3776 quum
1018 3706 1175 3765 Hermione
1197 3702 1353 3781 ἱσταμένης

221 3794 377 3874 ἠριγενείης
398 3801 435 3868 (ν.
451 3799 519 3868 am)
540 3814 639 3856 somno
660 3798 756 3856 soluta
777 3804 898 3855 matrem
919 3797 1101 3857 desideraret
1118 3803 1148 3856 et
1161 3814 1265 3857 servae
1281 3814 1350 3870 que-

223 3894 334 3946 rentem
356 3890 498 3950 dominam
524 3897 698 3949 conarentur
721 3891 871 3950 consolari.
913 3895 1039 3962 atquae
1065 3896 1132 3964 post
1152 3909 1177 3948 ν.
1200 3898 1257 3950 343
1278 3888 1352 3949 dicit

222 3983 390 4056 Hermione,
410 3986 439 4041 in
459 4000 612 4056 vesperum
633 3989 773 4054 vergente
793 3983 841 4041 die
862 3999 925 4042 eam
944 3985 1022 4056 loqui
1043 3983 1227 4044 manifestum
1249 3989 1296 4042 est
1315 4000 1357 4042 err
1392 4003 1397 4011 ·
