2880 4606
615 326 828 388 „61-

156 511 283 590 χλοερῆς
296 514 336 584 Α;
361 510 449 590 ὑψόθι
468 530 522 572 om.
537 512 577 583 L3
603 510 722 583 Lenncp
742 509 910 570 Brodaeum
931 515 1057 579 secutus,
1077 524 1188 567 comma
1209 506 1286 578 quod

158 609 188 665 in
219 608 283 666 aliis
312 607 377 666 edd.
403 612 469 680 post
497 604 577 683 ποίης
608 611 687 676 erat,
717 604 825 663 delevit
851 611 881 662 ct
904 599 1064 677 κεκλιμένοι
1088 599 1177 680 ὑψόθι
1202 599 1284 678 ποίης

156 697 333 776 βαρύγουνον
352 697 400 758 ἐπ’
422 699 512 779 ἰσχίον
532 695 684 765 εὐνάζοντο
704 699 860 758 coniunxit.
896 696 978 769 Quod
992 697 1097 753 iniuria
1111 701 1283 768 spreverunt

158 810 256 852 omnes
281 796 458 854 recentiores
484 794 617 851 editores.
645 825 679 834 -
706 788 767 849 121
790 788 961 865 κεκλοφέναι
981 789 1031 875 Μ’,
1061 785 1286 862 κεκλισμένυιΟ

159 893 226 946 ante
246 904 334 959 eorr.;
355 885 482 967 ε”πισχίον
496 889 536 961 Μ,
557 883 602 944 ἐπ’
628 884 718 964 ἴσχιον
734 886 772 957 Q3
794 918 828 926 -
850 881 912 943 122
933 881 1060 956 drecepi
1076 899 1111 940 ex
1125 884 1163 954 Q3
1185 879 1201 939 ὃ
1221 882 1284 940 rell.

159 981 241 1039 codd.
254 987 284 1040 et
295 981 373 1054 edd.;
389 979 541 1058 ὑψιλόφυιο
555 980 637 1040 codd.
649 980 720 1038 dett.
738 975 883 1054 (ὑψειλόφ.
900 979 935 1050 Q)
951 984 980 1036 et
995 977 1060 1035 edd.
1071 983 1138 1035 ante
1149 975 1286 1048 Bekker,

974 1067 980 1094 i

158 1105 318 1184 ὑψορόφοιο
334 1107 366 1165 Μ
386 1115 416 1166 et
429 1110 492 1166 rell.
507 1108 588 1183 edd,
609 1107 707 1184 φυγῶν
721 1108 756 1179 V,
776 1105 866 1182 φυτὸν
882 1107 915 1178 Q,
935 1067 1034 1182 φάτῶν
1048 1120 1111 1162 cum
1130 1103 1227 1176 glossa
1240 1098 1285 1158 ἐλ-

159 1197 220 1257 θών
233 1199 268 1270 03
285 1197 423 1275 ὑπένερθε
433 1199 551 1272 Meno,
574 1197 718 1276 ὑπάνερθε
732 1199 767 1270 G,
784 1195 923 1255 ὑπένευθε
933 1198 968 1268 Δ,
984 1193 1091 1273 ὕπερθε
1104 1196 1285 1268 NPRSVW;

160 1325 194 1335 ν-
216 1289 278 1350 123
293 1290 423 1370 τψλώθεν
436 1294 475 1353 W
488 1300 555 1352 ante
569 1310 657 1365 corr.;
682 1289 819 1370 ἐρμάωνα
833 1293 907 1364 MG;
928 1291 1083 1369 διαντόρον
1098 1290 1144 1362 Μ;
1169 1287 1229 1348 εἰδὲ
1243 1291 1285 1364 Μ,

157 1382 201 1442 ide
222 1402 257 1443 ex
275 1381 327 1464 ἧδε
343 1386 373 1459 O,
393 1380 448 1464 ᾖδε
462 1388 496 1460 A,
516 1382 567 1467 ἧδε
580 1388 614 1461 L,
634 1380 690 1465 ᾗδὲ
711 1387 947 1460 suprascriptum
961 1387 997 1458 N,
1018 1381 1069 1463 ᾖδε
1085 1384 1283 1457 suprascripto

157 1498 184 1536 ει
196 1481 231 1551 R,
246 1475 306 1536 eide
319 1481 351 1552 Ρ,
372 1478 422 1557 ἣδε
437 1482 474 1552 Q3
497 1515 530 1522 -
551 1479 614 1540 124
627 1478 771 1554 ἀνόρουσε
785 1482 825 1551 M,
844 1476 1006 1557 ἀνόρουσεν
1018 1477 1084 1549 Ps;
1104 1475 1230 1535 ἀλέεινεν
1244 1478 1284 1550 Ρ;

158 1568 186 1628 δ’
215 1577 282 1645 post
308 1571 384 1630 θεῶν
409 1591 463 1632 om.
483 1575 765 1648 AGLNPQRSW
797 1575 892 1646 (codd.
915 1573 987 1632 dett.
1013 1587 1121 1644 omnes,
1146 1578 1179 1629 ut
1203 1571 1283 1642 vid).

157 1665 203 1723 De
222 1667 277 1725 hoc
296 1668 358 1726 loco
379 1666 428 1725 cir.
443 1668 638 1742 Lenuepium:
661 1671 821 1742 »Loquitur
835 1686 920 1728 versu
941 1666 1143 1741 praecedente
1164 1666 1200 1724 de
1221 1666 1284 1726 solo

157 1760 303 1818 Mercurio
325 1761 461 1820 aPeride
482 1763 592 1820 eminus
612 1768 779 1835 conspecto;
801 1766 831 1818 ct
850 1767 946 1820 tamen
959 1759 1006 1816 hic
1026 1758 1197 1816 immediate
1218 1757 1283 1816 sub·

158 1849 202 1908 dit
218 1867 337 1911 numero
350 1854 539 1912 multitudiuis
555 1852 631 1910 θεῶν
652 1849 679 1909 δ’
707 1851 836 1910 άλέεινεν
857 1849 989 1930 ὀπωπήν,
1019 1868 1053 1910 ac
1073 1852 1098 1910 si
1118 1868 1173 1910 non
1194 1852 1284 1910 solius

156 1942 307 2017 Mercurii,
340 1946 392 2004 sed
417 1948 504 2006 etiam
529 1947 616 2005 trium
643 1947 763 2005 dearum
792 1962 850 2003 uua
876 1945 913 2003 ad
938 1945 1077 2003 Paridem
1104 1945 1284 2003 tendentium

157 2038 330 2097 mentionem
349 2041 406 2098 iam
427 2040 552 2099 fecisset.
583 2041 694 2100 Forsan
709 2039 892 2098 scribendum
914 2037 985 2094 deon
1007 2035 1035 2094 δ’
1060 2034 1186 2095 ἀλέεινεν
1206 2036 1282 2095 όσοι-

156 2127 208 2206 σψν
229 2132 292 2202 quis
312 2134 488 2205 opinaretur.
524 2135 577 2206 [nt
598 2136 639 2191 sie
660 2150 714 2206 ego
738 2134 804 2192 olim
825 2134 957 2208 conieciJ.
991 2133 1049 2190 Sed
1069 2148 1138 2191 vero
1157 2133 1213 2190 hae
1233 2133 1286 2191 ad·

156 2225 246 2282 missa
265 2227 439 2298 coniectura,
460 2227 519 2285 alia
538 2228 623 2299 louge
643 2228 735 2286 maior
767 2226 922 2285 difficultas
944 2230 1081 2298 emerget.
1120 2225 1186 2284 Non
1207 2228 1282 2284 enim

157 2317 235 2375 solus
256 2317 418 2375 Mercurius
444 2318 481 2376 ad
501 2319 637 2378 Paridem
661 2320 856 2394 properabat,
882 2335 936 2377 nec
960 2318 1022 2376 eius
1048 2318 1187 2390 adspectu
1208 2318 1283 2380 adeo

155 2410 240 2468 Paris
261 2411 424 2483 obstupuit,
451 2411 502 2470 sed
522 2414 703 2486 potissimum
728 2414 846 2473 dearum
868 2414 952 2472 simul
973 2412 1010 2471 ad
1031 2413 1217 2471 temerarium
1237 2429 1282 2471 ar·

155 2504 275 2562 bitrium
289 2504 475 2563 tendentium.
509 2507 712 2567 Verosimilius
726 2510 834 2581 itaque,
857 2513 970 2566 retento
991 2504 1068 2565 θεῶν
1081 2522 1199 2566 numero
1219 2508 1284 2580 plu-

155 2597 221 2670 rali,
242 2599 338 2657 ethic
359 2599 501 2658 excidisse
515 2617 629 2658 versum
649 2619 736 2660 uuum
751 2608 802 2660 aut
815 2603 966 2660 alterum«.
1002 2600 1088 2659 Cuius
1109 2601 1282 2673 suspicionis

155 2689 313 2750 firmandae
339 2708 427 2751 causa
451 2693 488 2752 ed
510 2694 592 2752 Ovid.
612 2695 731 2755 Heroid.
746 2694 814 2753 XVI
832 2702 937 2765 cisqq.
958 2694 1133 2765 provocavit.
1174 2694 1282 2754 Contra

155 2784 214 2842 iam
237 2784 356 2843 Harles:
390 2786 471 2858 »Ego
496 2802 564 2846 vcro
585 2794 717 2846 neutrum
737 2805 810 2860 opus
834 2803 899 2846 esse
922 2787 1061 2860 arbitror,
1087 2785 1139 2844 sed
1165 2787 1195 2844 in
1221 2789 1283 2860 epi-

155 2875 236 2936 theto
262 2878 416 2951 Mercurii,
444 2876 597 2954 διάκτορον
628 2879 807 2952 nuncium,
833 2879 926 2937 latere
951 2878 1065 2938 videtur
1089 2893 1184 2951 mens,
1210 2878 1281 2938 deus

156 2971 275 3030 comites
295 2969 391 3030 fuisse.
426 2972 507 3031 Alias
528 2973 547 3029 l.
562 2973 580 3030 i.
601 2973 672 3031 illud
695 2974 843 3046 epitheton
867 2971 1005 3046 frigidum
1025 2971 1127 3032 iorstc.
1149 3003 1186 3015 -
1206 2969 1284 3028 dnu-

154 3062 266 3140 πῆνΜς
293 3096 327 3106 -
354 3062 414 3123 lati
433 3065 673 3144 χορονηκελάδοιν
694 3067 742 3139 Μ;
768 3086 907 3145 επιφηγον
932 3062 1110 3143 ἐρείσαςΜ,
1136 3066 1213 3126 unde
1233 3064 1282 3126 ἐπὶ

155 3154 246 3237 φηγὸν
265 3153 385 3234 ἐρείσας
398 3159 515 3218 Bekker
529 3167 559 3220 et
577 3161 640 3219 rell.
653 3167 720 3235 post
741 3177 806 3220 eum
827 3161 901 3234 edd,
916 3156 963 3218 ἐπὶ
983 3160 1081 3237 φυτῶν
1101 3156 1197 3227 ἐάσας
1216 3164 1280 3222 rell.

154 3250 222 3308 edd.
248 3258 278 3310 et
304 3251 386 3310 codd.
411 3252 498 3326 dett,
523 3260 642 3328 praeter
666 3255 706 3328 G,
739 3257 788 3327 qui
814 3252 860 3312 ἐπὶ
885 3259 978 3332 φυτοῦ
1001 3251 1094 3319 ἐάσας
1118 3262 1149 3314 et
1172 3260 1204 3326 t,
1230 3259 1281 3330 qui

155 3339 202 3400 ἐπὶ
221 3342 311 3420 φυτὸν
333 3340 429 3412 ἐάσας
452 3346 548 3407 habet.
573 3343 620 3405 ἐπὶ
645 3347 729 3425 φίτου
754 3345 848 3415 ἐάσας
874 3351 947 3409 coni.
969 3347 1113 3408 Schrader
1137 3349 1175 3408 ad
1200 3350 1275 3409 Mus.
1346 3351 1348 3354 ’

154 3455 183 3512 p.
199 3445 263 3507 224,
289 3439 366 3510 quod
385 3441 554 3500 vocabulum
579 3457 616 3500 ex
634 3439 797 3519 φιτώνυμον
825 3444 874 3514 (al.
895 3447 974 3519 φυτ.)
1001 3443 1056 3502 sibi
1082 3441 1212 3505 finxerat.
1233 3440 1281 3501 ἐπὶ

156 3531 259 3608 φιτροῦ
283 3527 378 3598 ἐάσας
402 3533 474 3593 coni.
495 3532 638 3606 Dorville,
664 3529 709 3591 ἐπὶ
733 3534 825 3610 φυτοῦ
853 3531 945 3599 ἐάσας
964 3533 1130 3609 Brodaeus,
1157 3535 1280 3610 Stepha-

156 3641 209 3683 nus
239 3630 270 3683 et
298 3625 493 3700 Falkenburg.
536 3627 648 3685 »Aliam
673 3628 867 3686 coniecturam
894 3643 981 3700 super
1005 3634 1103 3689 nostro
1133 3630 1197 3690 loco
1227 3630 1281 3690 ad·

156 3719 313 3792 scripserat
332 3720 375 3778 vir
395 3721 496 3780 doctus
517 3721 663 3780 ad-Aldiu.
685 3722 849 3796 editionem,
870 3739 973 3796 nempe
999 3719 1043 3780 ἐπὶ
1062 3720 1153 3800 φηγὸν
1172 3719 1279 3798 ἐάσας,

154 3810 205 3870 nbi
226 3813 313 3871 etiam
333 3814 390 3872 alia
409 3831 496 3873 manu
518 3815 695 3890 adscriptum
717 3822 781 3875 erat
800 3813 845 3874 ἐπὶ
865 3814 954 3893 φυτὸν
974 3817 1019 3876 vel
1039 3820 1123 3893 φυτῷ
1139 3812 1275 3885 ἐλάσσας.

155 3905 238 3978 Quod
258 3909 401 3980 posterius
422 3909 509 3968 verbo
534 3909 677 3970 indicasse
697 3910 838 3985 sufficiat,
866 3928 930 3972 cum
952 3928 1004 3970 sua
1024 3917 1127 3985 sponte
1148 3913 1218 3971 satis
1244 3931 1279 3974 se

154 3999 295 4060 destruat.
334 4003 430 4063 Priori
451 4004 633 4065 coniecturae
653 4006 818 4079 respondet,
840 4005 917 4079 quod
943 4005 1097 4077 aliquando
1119 4021 1155 4065 ex
1174 4007 1275 4067 amieis

154 4093 227 4153 meis
253 4095 370 4168 quidam
396 4096 559 4171 suspicatus
586 4096 694 4173 iuerat,
726 4095 771 4156 ἐπὶ
795 4098 888 4178 φηγοῦ
914 4095 1022 4173 ἐάσας,
1054 4101 1131 4173 quod
1156 4102 1278 4175 elegans
