2880 4606
620 337 834 399 ..29-

158 522 264 597 Popoff
274 527 382 598 noster,
401 523 515 584 felicius
535 533 594 586 aa
616 521 657 584 ἐνὶ
676 523 843 586 defendens.
875 527 906 586 Si
920 533 1073 600 utrumque
1092 544 1154 587 roo.
1176 544 1285 604 sanum,

156 616 281 694 χορείας
301 618 478 692 interpretor
498 620 535 678 de
555 621 626 692 ipsis
648 621 678 678 in
690 621 745 679 lda
763 628 861 681 monte
881 623 1056 681 saltantibus
1071 623 1131 681 sive
1144 623 1286 695 Nymphis

158 712 219 770 sive
240 712 410 785 virginibus,
432 713 535 784 quibus
550 730 581 772 se
595 712 675 772 fluvii
688 714 840 786 Nymphae
855 715 892 773 ad
907 731 1070 775 communes
1090 715 1283 776 instituendos

157 807 260 865 choros
274 807 405 878 miscent,
420 808 504 878 quasi
518 811 597 865 esset
612 803 730 885 Ἰδαίμσι
743 839 780 849 -
794 804 956 886 κόρμσιν,
978 814 1038 881 aut,
1053 809 1078 866 si
1098 810 1287 868 masculinum
1359 826 1362 831 ·

157 898 316 972 ferendum,
337 895 464 956 Ἰδαίοισι
484 933 520 941 -
538 901 748 977 χορευταῖς.
789 900 837 959 sio
857 897 1069 958 ἐπαντέλλεσθε
1088 902 1287 960 necessarium

161 999 215 1052 ast.
250 993 310 1053 Sed
329 992 349 1050 f.
360 991 455 1072 χορός
475 999 505 1053 et
523 996 638 1072 χορεῖαι
658 995 706 1052 hio
720 1010 777 1054 non
791 995 898 1052 rectius
914 995 1081 1066 iunguntur,
1103 1011 1189 1066 quam
1208 1012 1234 1053 v.
1250 1002 1286 1054 83

159 1085 304 1162 πλόκαμοι
325 1092 355 1146 et
372 1088 468 1165 χαίτη.
502 1088 630 1160 Elegans
649 1089 701 1146 sed
720 1104 777 1148 non
795 1088 879 1147 nimis
898 1089 1049 1161 probabile
1071 1096 1150 1148 esset
1169 1085 1288 1167 ἕσπερον

154 1178 201 1237 Ἰδ.
224 1177 436 1238 ἐπαντέλλεσθε
453 1201 484 1259 χ.
506 1188 539 1240 ut
560 1176 685 1258 ἕσπερος
704 1181 794 1241 habet
813 1181 895 1240 Paul.
915 1183 965 1242 sil.
980 1199 1025 1256 ep.
1041 1190 1086 1241 25.
1109 1189 1154 1241 28.
1188 1183 1286 1241 Minus

157 1277 255 1348 placet
274 1273 317 1339 εἷς
336 1269 407 1349 ὅρος
425 1291 452 1332 v.
474 1270 516 1339 ὥς
536 1273 631 1350 κόραι,
653 1279 704 1333 aut
719 1276 821 1346 siquis
840 1277 870 1332 in
883 1274 939 1333 fine
959 1293 985 1334 v.
1000 1274 1129 1352 πορείαις
1149 1282 1286 1349 tentaret,
1384 1265 1389 1272 ’

158 1370 214 1427 etsi
239 1368 359 1427 Nonnus
384 1369 439 1427 hoo
463 1385 489 1429 v.
510 1366 691 1442 frequentat,
722 1375 752 1427 et
784 1370 826 1427 sio
852 1375 1005 1441 utrumque
1035 1371 1154 1429 verbum
1186 1387 1287 1430 eonve-

113 1503 119 1506 -
157 1464 262 1523 niret«.
284 1496 320 1504 -
346 1461 365 1520 5
387 1460 608 1537 θεμιστοπόλοιο
622 1462 663 1521 Μ.
697 1495 731 1504 --
765 1461 898 1521 θεῖπατέ
917 1479 952 1521 ex
972 1461 1072 1520 atrata-f
1089 1464 1121 1521 Μ
1136 1471 1163 1535 2,
1189 1464 1238 1534 qui
1258 1464 1287 1520 iu

157 1622 248 1679 marg.
261 1605 344 1665 addit
358 1601 475 1678 ἔσπετε;
496 1601 604 1664 ἕσπετέ
615 1607 697 1666 APS
711 1610 765 1680 λα,
781 1603 888 1666 ἕπεοτέ
895 1608 930 1681 L,
945 1555 1063 1666 enneade
1073 1610 1109 1680 N,
1124 1625 1197 1669 corr.
1208 1625 1236 1666 m
1249 1615 1284 1682 1,

158 1697 245 1756 ἐπετέ
258 1703 291 1773 Q,
311 1695 417 1758 ἕσπετε
430 1701 476 1770 W,
500 1695 606 1758 ἔοπετέ
617 1703 681 1760 rell.
697 1702 762 1760 edd.
777 1709 845 1760 ante
860 1701 963 1774 Beklr,
986 1702 1036 1773 qui
1050 1699 1147 1760 εἴπατε
1166 1703 1288 1776 recepit,

161 1811 236 1866 »qua
256 1793 348 1854 forma
369 1796 431 1854 sola
456 1795 548 1853 utitur
567 1794 686 1853 Nonnus
712 1800 829 1867 (1,128.
851 1802 945 1867 atta
967 1802 996 1853 et
1016 1802 1081 1854 460.
1106 1802 1150 1867 13,
1173 1802 1219 1856 46.
1242 1802 1286 1868 16,

159 1891 1287 1963 mmmmmmmmmmmmmmmmm

157 1991 188 2043 et
209 1991 265 2044 200
287 1992 317 2044 et
337 1993 393 2045 336
413 1991 443 2044 et
457 1984 562 2056 337)«;
583 1981 759 2048 κελαδόντος
772 1983 828 2054 Μ.;
849 1978 897 2039 ἀπ’
922 1978 1071 2058 ὀρνύμεναι
1093 1981 1179 2040 GLR
1200 1980 1287 2058 ἀπορ-

154 2073 279 2187 ῥνόμεναι
291 2112 333 2184 Μ,
355 2127 428 2170 corr.
442 2110 475 2168 M
490 2118 531 2183 2.,
558 2111 640 2170 »Non
661 2109 777 2169 oredam
800 2110 951 2181 scripsisse
977 2114 1093 2180 poetam
1114 2107 1288 2172 κελάδοντος

158 2201 349 2280 ἀπορνύμεναι
368 2205 516 2278 ποταμοῖο.
550 2202 705 2274 Languent
726 2204 801 2260 enim
821 2203 894 2260 haee
913 2199 1013 2270 verba,
1037 2200 1220 2272 debebatque
1235 2200 1288 2260 Go-

157 2300 264 2369 luthus,
286 2298 311 2355 si
335 2297 484 2368 eleganter
508 2297 635 2355 seribere
653 2296 750 2368 vellet,
771 2296 883 2355 omissis
907 2310 996 2367 supra
1017 2292 1145 2369 ποταμοῦ
1160 2289 1285 2350 Ξάνθοιο

159 2390 296 2469 γενέθλη,
328 2391 441 2463 dicere,
473 2389 574 2449 adeste
600 2407 618 2449 a
644 2388 746 2463 fluvio,
775 2406 793 2448 a
819 2405 874 2460 quo
902 2389 972 2446 estis
1001 2393 1172 2460 prognatae.
1214 2386 1289 2445 Sari-

157 2487 218 2558 psit
238 2501 316 2558 vera,

363 2595 462 2655 εἴπατέ
477 2617 536 2673 μοι,
558 2595 732 2661 κελάδοντος
752 2591 946 2671 ἀπορνύμενος
965 2594 1103 2668 ποταμοῖο

364 2688 401 2759 ἐξ
413 2688 506 2767 ὀρέων
519 2689 609 2748 πόθεν
623 2685 720 2767 ἦλθεν.
750 2690 907 2749 Auctorem
921 2689 1062 2748 habemus
1078 2689 1172 2762 ipsum
1185 2707 1210 2748 v.
1223 2691 1287 2750 tou

157 2819 273 2878 Herm.
294 2837 323 2892 p.
339 2821 355 2878 λ
376 2819 458 2878 ouius
479 2819 675 2879 coniecturam
689 2818 782 2875 minus
796 2816 992 2875 neeessariam
1006 2816 1121 2888 recepit
1134 2814 1237 2874 Lehrs.
1251 2848 1288 2858 -

157 2911 284 2991 ἠνσρέιον
319 2914 373 2984 (sio
403 2913 499 2987 potius
532 2928 617 2984 quam
647 2909 785 2990 ἢιοορέιον
819 2910 896 2982 quod
928 2909 1057 2968 enotavit
1092 2908 1220 2979 Pressel)
1246 2907 1288 2982 M,

157 3003 195 3075 ἐξ
211 3005 303 3084 ὀρέων
323 3007 386 3065 rell.
402 3006 484 3066 oodd.
507 3012 538 3064 et
559 3006 634 3079 edd,
655 3006 686 3062 in
706 3021 763 3076 qua
783 3005 927 3077 scriptura
947 3004 1057 3076 primus
1080 3001 1200 3061 offendit
1213 3003 1289 3062 Len-

157 3118 214 3175 nep
240 3103 314 3160 Anu.
340 3119 368 3173 p.
391 3108 446 3160 106
478 3098 671 3174 »Difficultaa
703 3114 777 3172 quae
808 3100 837 3156 in
862 3101 917 3158 hoa
947 3100 1009 3158 loeo
1044 3096 1214 3170 explicando
1239 3096 1288 3156 ob·

160 3179 334 3255 versabatur
346 3192 510 3267 aliquando,
530 3193 711 3266 potissimum
731 3193 761 3251 in
781 3192 888 3251 additis
909 3192 1025 3251 vocibus
1046 3186 1083 3259 ἐξ
1100 3188 1196 3267 ὀρέων
1216 3193 1288 3249 resi·

157 3287 221 3358 det;
251 3291 318 3346 sunt
339 3288 414 3345 enim
434 3287 522 3359 plane
542 3286 638 3346 otiosa
660 3292 690 3344 et
708 3286 806 3344 neseio
827 3289 964 3358 quantam
986 3286 1054 3344 huia
1074 3286 1137 3345 loeo
1158 3284 1289 3344 adimunt

157 3387 348 3441 venustatem.
380 3380 531 3440 Brodaeus
553 3379 671 3451 quidem
687 3379 882 3440 dementibus
896 3379 1002 3454 Idaeis,
1023 3379 1074 3438 ubi
1087 3379 1171 3438 Paris
1190 3383 1288 3452 pater·

157 3491 209 3534 nas
229 3491 298 3534 oves
320 3474 454 3545 duoebat,
476 3474 627 3546 intelligit:
650 3490 736 3546 quam
754 3475 1028 3548 interpretationem
1050 3478 1080 3533 et
1102 3489 1156 3547 ego
1176 3472 1206 3531 in
1225 3489 1289 3532 ver·

158 3571 239 3630 sione
260 3570 379 3642 agnovi:
405 3567 458 3627 sed
480 3568 526 3626 vel
552 3567 595 3626 sie
615 3566 718 3626 durum
738 3567 807 3626 addi
827 3568 899 3626 illud
918 3565 956 3635 ἐξ
972 3564 1075 3645 ὀρέων.
1120 3566 1192 3625 (lum
1213 3566 1289 3625 enim

159 3663 308 3735 Nymphas
328 3662 463 3736 imploret
483 3666 582 3721 noster
601 3667 634 3720 ut
652 3662 815 3721 indicarent
834 3663 943 3735 loeum,
964 3662 1041 3721 unde
1062 3663 1175 3722 venerit
1194 3660 1287 3734 Paris,

158 3757 226 3815 dum
248 3757 286 3815 ad
306 3756 447 3815 Helenam
468 3743 710 3830 proficiseeretur,
730 3757 809 3815 nullo
829 3757 916 3817 modo
937 3763 1018 3815 reete
1038 3757 1187 3828 montium,
1208 3769 1244 3814 ao
1263 3752 1288 3812 si

157 3852 217 3911 iam
244 3848 375 3920 cognitus
405 3848 496 3921 forat,
526 3851 635 3910 mentio
658 3852 706 3909 hie
730 3850 771 3911 fit.
811 3852 888 3910 Hine
919 3851 1045 3925 suspieio
1078 3849 1186 3909 dudum
1217 3849 1288 3909 mibi

158 3945 283 4005 subnata
302 3940 366 4013 fuit,
388 3941 542 4003 Coluthum
561 3945 678 4005 dedisse
698 3942 824 4023 ἐξερέω,
844 3943 933 4004 πόθεν
953 3939 1040 4023 ἦλθεν
1066 3940 1161 4019 ἀήθεα
1185 3939 1288 4000 πόντον

158 4035 284 4097 ἐλαύνων
298 4077 306 4094 .
320 4081 329 4100 .
343 4078 351 4096 .
365 4037 475 4097 Verum
496 4055 560 4098 eum
579 4055 615 4098 ne
629 4041 672 4100 sie
685 4042 763 4101 omni
776 4040 946 4100 difficultate
960 4041 1061 4098 careat
1073 4039 1154 4099 loeus
1173 4041 1284 4106 noster,
