2880 4606
611 325 822 389 ..87-

154 513 364 587 Erymanthum
384 528 449 569 cum
462 510 576 584 Alpheo
590 527 608 569 a
624 516 713 583 poeta
733 509 877 583 confundi,
899 517 950 569 aut
962 510 1066 570 referri
1079 511 1152 570 adeo
1165 513 1280 585 poetice

155 606 193 665 ad
213 607 293 665 illum
312 605 353 678 id,
373 605 450 677 quod
469 605 599 677 proxime
619 603 658 660 ad
674 605 749 662 hunc
762 604 936 677 pertinebat.
966 605 1073 663 Verum
1089 605 1146 664 etsi
1159 607 1201 664 sic
1213 606 1281 666 huic

156 698 272 759 Goluthi
292 698 489 772 geographiae
509 697 570 756 veri
584 698 697 770 speeies
716 697 819 756 subiici
839 698 967 770 videtur;
988 699 1163 757 constructio
1183 705 1280 759 tamen

155 792 376 866 impeditissima
395 798 499 850 manet.
530 789 668 863 Suspicor
686 792 795 864 itaque,
818 792 912 850 latere
932 792 962 848 in
982 791 1096 850 nomine
1108 792 1280 864 Erymanthi

155 892 207 945 aut
226 901 332 944 nomen
351 885 499 958 proprium
518 883 588 955 loci,
609 899 667 942 non
686 884 770 941 nimis
791 885 895 944 remoti
915 885 951 942 ab
972 884 1101 943 Eurotae
1121 885 1211 957 ostio,
1232 900 1280 944 ve·

156 978 211 1036 luti
232 975 450 1053 Ψαμαθοῦντος,
471 983 522 1036 aut
535 977 612 1048 quod
632 976 744 1036 facilius
764 978 888 1050 videtur,
910 977 1060 1049 epitheton
1073 977 1277 1050 praecedentis

156 1070 330 1130 substantivi
350 1071 529 1144 exquisitius,
549 1076 582 1128 ut
601 1087 686 1130 versu
706 1073 883 1144 transposito
903 1073 1061 1132 scribatur:

349 1179 434 1242 ἔνθεν
454 1181 659 1261 ἀνερχομένοιο
678 1181 740 1261 παρ’
766 1184 900 1261 εἰαμενὰς
919 1182 1104 1262 ἐριονθεῖς

350 1274 515 1355 κεκλιμένην
535 1273 652 1352 ἐνόησεν
672 1273 716 1333 εἰτ’
730 1273 868 1354 Εὐρώταο
886 1277 1024 1356 ῥεέθροις

348 1367 482 1446 Σπάρτην
502 1366 712 1444 καλλιγύναικα,
731 1368 812 1447 φίλην
832 1369 910 1426 πόλιν
930 1366 1109 1446 Ἀτρείωνος.

156 1484 270 1545 Adiect.
310 1479 446 1560 ἐριανθής
466 1484 620 1555 analogiae
645 1484 778 1542 convenit
799 1485 831 1539 nt
855 1477 992 1558 ἐριθαλης
1017 1487 1046 1540 et
1071 1478 1209 1561 ἐριθηλής
1233 1499 1280 1556 ap.

156 1578 281 1651 Hesych.
307 1579 403 1637 Nolim
427 1578 526 1649 itaque
550 1577 656 1636 formas
682 1578 850 1635 usitatiores
875 1571 1008 1640 εὐανθεῖς
1033 1579 1085 1632 aut
1109 1574 1281 1641 πολοανθεῒς

157 1671 204 1731 hic
228 1669 344 1730 inferre.
384 1672 445 1730 Iam
464 1672 590 1731 Eurotas
614 1672 720 1730 dicitur
744 1667 922 1747 ἀνέρχεσθαι
944 1666 1008 1744 παρ’
1029 1667 1163 1744 εἰαμενὰς
1188 1667 1281 1745 ἐριαν-

157 1762 230 1836 θεῖς,
251 1771 392 1836 quatenus
406 1765 490 1823 Paris
511 1765 547 1822 ab
567 1766 642 1824 ostio
662 1763 787 1822 fluminis
808 1780 908 1821 versus
920 1761 1021 1819 urbem
1036 1761 1175 1835 ascendit,
1197 1760 1279 1839 ἀνέρ-

156 1875 258 1935 χεται,
284 1863 314 1916 et
340 1859 382 1915 sic
407 1859 435 1915 ei
455 1856 558 1915 fluvius
584 1857 722 1915 adversus
748 1858 854 1914 sensim
879 1873 911 1914 se
937 1857 1099 1927 sensimque
1126 1873 1218 1927 usque
1244 1857 1282 1915 ad

158 1949 259 2011 urbem
284 1952 388 2023 aperit.
428 1951 520 2009 Recte
546 1967 614 2010 vero
640 1948 771 2025 εἰαμεναί
792 1953 859 2007 sunt
883 1951 947 2008 loca
971 1950 1023 2006 illa
1047 1949 1231 2021 depressiora
1252 1954 1283 2008 et

158 2041 222 2102 fere
242 2043 384 2116 paludosa
404 2044 442 2101 ad
454 2044 604 2115 Eurotam,
626 2059 700 2114 quae
714 2044 799 2114 longe
814 2043 930 2113 lateque
944 2041 1055 2101 floridis
1069 2043 1161 2115 pratis
1175 2044 1282 2102 vestita

157 2134 258 2208 fuisse,
279 2136 430 2208 probabile
451 2143 504 2195 est.
535 2138 580 2196 Ita
599 2138 672 2196 haee
692 2136 812 2194 ferenda
832 2135 974 2207 videntur,
999 2137 1056 2193 etsi
1076 2136 1172 2193 malim
1188 2152 1204 2193 e
1218 2135 1281 2194 eod.

156 2228 269 2288 offerri:
290 2224 378 2286 ἔνθα
398 2228 647 2308 κατερχομένοιο.
677 2229 802 2288 Efficere
824 2231 907 2301 enirn,
928 2235 961 2286 ut
973 2228 1160 2301 participium
1174 2228 1211 2287 de
1224 2229 1280 2286 Pa·

157 2321 215 2380 ridi
235 2321 356 2394 dicatur,
377 2323 479 2381 veluti:

312 2428 404 2505 ἔνθεν,
426 2432 646 2511 ἀνερχόμενος
667 2431 776 2509 Πάρις
796 2431 930 2508 εἰαμενὰς
949 2429 1103 2509 ἐριανθεῖς,

157 2543 177 2599 i.
198 2558 223 2601 e.
248 2538 409 2621 ἐρχόμενος
434 2543 488 2600 ἀνὰ
514 2542 649 2620 εἰαμενὰς
667 2541 711 2621 ἐρ.
737 2545 767 2602 id
793 2545 857 2603 aliis
883 2543 1099 2604 difficultatibus
1125 2545 1281 2618 premitur3

157 2634 235 2706 quod
256 2640 352 2693 autem
373 2636 403 2692 in
424 2637 578 2708 antiquiori
598 2644 686 2710 po'e'ta
706 2638 872 2697 facillimum
894 2646 984 2697 esset:

312 2731 397 2793 ἔνθεν
418 2736 632 2815 ἀνερχόμενος
651 2737 668 2794 ό
689 2743 768 2814 παρ’
789 2737 924 2814 εἰαμενὰς
944 2736 1090 2816 ἐριανθεΐς

88 2838 90 2843 ’
159 2836 274 2897 Oolnthi
294 2853 393 2896 versus
413 2855 470 2898 non
490 2840 660 2911 permittit«
693 2840 852 2900 Schneider
871 2859 900 2914 p.
916 2843 971 2900 417
977 2849 1068 2901 -419
1086 2857 1185 2901 versus
1206 2844 1282 2902 siout

159 2947 178 2990 a
197 2947 243 2990 me
263 2931 335 2990 editi
356 2936 431 3004 sunt,
453 2932 604 3006 disposuit,
627 2933 714 2992 etad
735 2934 880 3006 vulgatam
895 2935 1121 3006 convellendam,
1142 2952 1281 3007 suamque

158 3026 353 3084 coniecturam
378 3024 581 3084 stabiliendam
604 3026 677 3084 haec
700 3027 834 3098 protulit:
870 3033 918 3085 sat
944 3044 1036 3086 novae
1061 3045 1126 3088 mox
1151 3030 1283 3088 oriuntur

126 3196 129 3203 Ι
160 3116 345 3176 difficultates
372 3119 402 3174 in
432 3119 627 3190 sequentibus.
667 3136 734 3178 nam
763 3126 917 3192 postquam
941 3121 1084 3192 Mycenen
1114 3123 1283 3183 memoravit

159 3212 319 3285 Oolluthus,
340 3213 437 3271 Parim
452 3220 552 3272 narrat
565 3215 672 3272 vidisse
688 3215 822 3287 Spartam
838 3220 868 3273 et
881 3215 1062 3288 Therapnen‚
1083 3216 1207 3288 indeque
1226 3232 1283 3276 non

158 3307 218 3365 iam
238 3306 288 3365 diu
307 3308 469 3380 navigasse,
490 3308 542 3365 sed
561 3325 628 3367 mox
647 3324 735 3366 naves
757 3309 903 3381 appulisse
924 3314 954 3366 et
969 3308 1104 3380 Spartam
1121 3306 1283 3381 profectum

158 3415 231 3459 esse.
270 3400 301 3458 in
321 3415 377 3471 quo
397 3401 451 3458 hoo
470 3414 610 3473 perquam
634 3402 738 3458 mirum
759 3400 876 3472 accidit,
898 3401 974 3473 quod
994 3401 1091 3473 Paris,
1118 3416 1204 3472 quum
1224 3400 1283 3458 iam

157 3491 279 3550 vidisset
309 3492 443 3564 Spartam
474 3510 537 3551 oum
568 3495 661 3551 vicina
692 3492 856 3565 Therapne,
888 3510 944 3565 quo
975 3493 1145 3553 intendebat
1174 3498 1204 3550 et
1233 3492 1283 3550 ubi

157 3601 224 3644 mox
242 3592 379 3644 narratur
397 3586 507 3658 regiam
527 3585 655 3644 Menelai
676 3586 791 3644 domum
811 3586 935 3659 adiisse,
961 3591 1059 3645 tamen
1085 3586 1141 3645 alio
1167 3586 1283 3643 interim

157 3695 245 3739 naves
266 3679 389 3752 direxit,
414 3686 446 3738 ut
470 3680 565 3739 denuo
585 3681 652 3738 inde
672 3681 806 3754 Spartam
827 3681 943 3738 viseret.
972 3678 1043 3737 ferri
1063 3680 1135 3737 haec
1154 3683 1283 3752 possent,

157 3773 184 3830 si
205 3775 294 3832 statui
314 3774 415 3832 liceret
434 3773 545 3846 Parim,
571 3790 657 3845 quum
679 3790 696 3830 a
716 3774 839 3846 Myrene
859 3773 977 3831 veniens
997 3777 1116 3845 praeter
1136 3771 1283 3831 Laconiae

156 3865 239 3923 littus
260 3864 337 3936 quod
357 3864 395 3923 ad
415 3866 555 3924 orientem
581 3866 671 3924 solem
696 3870 810 3938 spectat
829 3865 999 3937 navigabat,
1026 3881 1041 3922 e
1065 3865 1153 3928 mari
1173 3865 1282 3925 vidisse

157 3957 293 4030 Spartam
315 3964 345 4016 et
364 3958 547 4032 Therapnen.
589 3959 672 4030 Quod
693 3976 780 4031 quum
800 3959 879 4017 nullo
899 3959 984 4017 modo
1004 3958 1148 4032 potuerit,
1169 3959 1212 4018 ita
1231 3977 1282 4032 po·

156 4052 216 4110 tius
241 4051 440 4121 statuendum,
467 4069 567 4111 versus
594 4060 756 4111 aaa-aaa
777 4052 880 4124 quibus
906 4053 1007 4110 ultima
1032 4052 1282 4126 navigationis
