<?xml version="1.0" encoding="UTF-8"?>
<!DOCTYPE html PUBLIC "-//W3C//DTD XHTML 1.0 Transitional//EN"
    "http://www.w3.org/TR/xhtml1/DTD/xhtml1-transitional.dtd">
<html xmlns="http://www.w3.org/1999/xhtml" xml:lang="en" lang="en">
 <head>
  <title>
</title>
<meta http-equiv="Content-Type" content="text/html;charset=utf-8" />
  <meta name='ocr-system' content='tesseract 3.04.00' />
  <meta name='ocr-capabilities' content='ocr_page ocr_carea ocr_par ocr_line ocrx_word'/>
</head>
<body>
  <div class='ocr_page' id='page_1' title='image "./colluthilycopol01collgoog_0108.png"; bbox 0 0 2880 4606; ppageno 0'>
   <div class='ocr_carea' id='block_1_1' title="bbox 604 313 839 376">
    <p class='ocr_par' dir='ltr' id='par_1_1' title="bbox 604 313 839 376">
     <span class='ocr_line' id='line_1_1' title="bbox 604 313 839 376; baseline 0.017 -3"><span class='ocrx_word' id='word_1_1' title='bbox 604 313 839 376; x_wconf 79' lang='lat'>-105-</span> 
     </span>
    </p>
   </div>
   <div class='ocr_carea' id='block_1_2' title="bbox 155 494 1286 945">
    <p class='ocr_par' dir='ltr' id='par_1_2' title="bbox 155 494 1286 945">
     <span class='ocr_line' id='line_1_2' title="bbox 158 494 1285 573; baseline 0.004 -17"><span class='ocrx_word' id='word_1_2' title='bbox 158 494 329 556; x_wconf 82' lang='lat' dir='ltr'>Graefius</span> <span class='ocrx_word' id='word_1_3' title='bbox 353 514 382 570; x_wconf 92' lang='lat' dir='ltr'>p.</span> <span class='ocrx_word' id='word_1_4' title='bbox 404 501 470 554; x_wconf 79' lang='lat'><strong>255.</strong></span> <span class='ocrx_word' id='word_1_5' title='bbox 509 495 603 555; x_wconf 89' lang='lat' dir='ltr'>Lehrs</span> <span class='ocrx_word' id='word_1_6' title='bbox 628 497 826 557; x_wconf 90' lang='lat' dir='ltr'>Hermannum</span> <span class='ocrx_word' id='word_1_7' title='bbox 852 504 968 557; x_wconf 87' lang='lat' dir='ltr'>secutus</span> <span class='ocrx_word' id='word_1_8' title='bbox 993 506 1052 573; x_wconf 89' lang='lat' dir='ltr'>est,</span> <span class='ocrx_word' id='word_1_9' title='bbox 1077 502 1127 572; x_wconf 88' lang='lat' dir='ltr'>qui</span> <span class='ocrx_word' id='word_1_10' title='bbox 1151 500 1224 560; x_wconf 88' lang='lat' dir='ltr'>haec</span> <span class='ocrx_word' id='word_1_11' title='bbox 1247 501 1285 560; x_wconf 92' lang='lat' dir='ltr'>de</span> 
     </span>
     <span class='ocr_line' id='line_1_3' title="bbox 157 589 1286 664; baseline 0 -15"><span class='ocrx_word' id='word_1_12' title='bbox 157 595 259 650; x_wconf 86' lang='lat' dir='ltr'>nostro</span> <span class='ocrx_word' id='word_1_13' title='bbox 283 590 348 649; x_wconf 87' lang='lat' dir='ltr'>loco</span> <span class='ocrx_word' id='word_1_14' title='bbox 373 607 402 663; x_wconf 89' lang='lat' dir='ltr'>p.</span> <span class='ocrx_word' id='word_1_15' title='bbox 424 596 474 648; x_wconf 81' lang='lat'>20:</span> <span class='ocrx_word' id='word_1_16' title='bbox 507 589 607 660; x_wconf 77' lang='lat' dir='ltr'>»Quae</span> <span class='ocrx_word' id='word_1_17' title='bbox 631 598 804 664; x_wconf 88' lang='lat' dir='ltr'>sequuntur,</span> <span class='ocrx_word' id='word_1_18' title='bbox 834 593 877 650; x_wconf 90' lang='lat' dir='ltr'>ita</span> <span class='ocrx_word' id='word_1_19' title='bbox 902 592 1097 652; x_wconf 86' lang='lat' dir='ltr'>continuanda</span> <span class='ocrx_word' id='word_1_20' title='bbox 1122 600 1201 652; x_wconf 91' lang='lat' dir='ltr'>sunt:</span> <span class='ocrx_word' id='word_1_21' title='bbox 1232 590 1286 650; x_wconf 84' lang='grc' dir='ltr'>οὐκ</span> 
     </span>
     <span class='ocr_line' id='line_1_4' title="bbox 155 677 1286 763; baseline 0.006 -25"><span class='ocrx_word' id='word_1_22' title='bbox 155 679 249 759; x_wconf 70' lang='grc' dir='ltr'><em>ἐρέω·</em></span> <span class='ocrx_word' id='word_1_23' title='bbox 270 682 304 739; x_wconf 84' lang='grc' dir='ltr'>τί</span> <span class='ocrx_word' id='word_1_24' title='bbox 318 679 352 740; x_wconf 72' lang='grc' dir='ltr'>δὲ</span> <span class='ocrx_word' id='word_1_25' title='bbox 372 680 478 739; x_wconf 83' lang='grc' dir='ltr'><em>τόσσον</em></span> <span class='ocrx_word' id='word_1_26' title='bbox 498 677 685 762; x_wconf 71' lang='grc' dir='ltr'><em>ἐπισταμένην</em></span> <span class='ocrx_word' id='word_1_27' title='bbox 705 703 740 743; x_wconf 83' lang='grc' dir='ltr'>σε</span> <span class='ocrx_word' id='word_1_28' title='bbox 758 683 876 756; x_wconf 80' lang='grc' dir='ltr'><em>διδάξω,</em></span> <span class='ocrx_word' id='word_1_29' title='bbox 896 683 924 742; x_wconf 81' lang='lat' dir='ltr'>sl</span> <span class='ocrx_word' id='word_1_30' title='bbox 941 687 1014 742; x_wconf 87' lang='grc' dir='ltr'><em>τοῖαι</em></span> <span class='ocrx_word' id='word_1_31' title='bbox 1027 685 1161 762; x_wconf 72' lang='grc' dir='ltr'><em>γεγάασιν</em></span> <span class='ocrx_word' id='word_1_32' title='bbox 1179 683 1213 745; x_wconf 81' lang='grc' dir='ltr'>ἐν</span> <span class='ocrx_word' id='word_1_33' title='bbox 1229 682 1286 763; x_wconf 81' lang='grc' dir='ltr'>Ἀρ·</span> 
     </span>
     <span class='ocr_line' id='line_1_5' title="bbox 157 774 1284 853; baseline 0.006 -21"><span class='ocrx_word' id='word_1_34' title='bbox 157 774 257 853; x_wconf 77' lang='grc' dir='ltr'><em>γείοισι</em></span> <span class='ocrx_word' id='word_1_35' title='bbox 277 777 417 851; x_wconf 78' lang='grc' dir='ltr'><em>γυναῖκες.</em></span> <span class='ocrx_word' id='word_1_36' title='bbox 457 775 532 834; x_wconf 86' lang='lat' dir='ltr'>Nam</span> <span class='ocrx_word' id='word_1_37' title='bbox 560 778 637 849; x_wconf 88' lang='lat' dir='ltr'>qnod</span> <span class='ocrx_word' id='word_1_38' title='bbox 663 778 699 837; x_wconf 91' lang='lat' dir='ltr'>de</span> <span class='ocrx_word' id='word_1_39' title='bbox 719 779 854 838; x_wconf 80' lang='lat' dir='ltr'>Menelao</span> <span class='ocrx_word' id='word_1_40' title='bbox 879 780 1080 852; x_wconf 89' lang='lat' dir='ltr'>interpositum</span> <span class='ocrx_word' id='word_1_41' title='bbox 1104 785 1163 853; x_wconf 87' lang='lat' dir='ltr'>est,</span> <span class='ocrx_word' id='word_1_42' title='bbox 1189 796 1284 853; x_wconf 90' lang='lat' dir='ltr'>neque</span> 
     </span>
     <span class='ocr_line' id='line_1_6' title="bbox 157 868 1283 945; baseline 0.004 -17"><span class='ocrx_word' id='word_1_43' title='bbox 157 868 296 929; x_wconf 76' lang='lat' dir='ltr'><strong>cohaeret</strong></span> <span class='ocrx_word' id='word_1_44' title='bbox 316 884 381 927; x_wconf 89' lang='lat' dir='ltr'>cum</span> <span class='ocrx_word' id='word_1_45' title='bbox 400 869 513 940; x_wconf 85' lang='lat' dir='ltr'>reliquo</span> <span class='ocrx_word' id='word_1_46' title='bbox 533 872 673 943; x_wconf 88' lang='lat' dir='ltr'>oratione,</span> <span class='ocrx_word' id='word_1_47' title='bbox 692 889 788 945; x_wconf 89' lang='lat' dir='ltr'>neque</span> <span class='ocrx_word' id='word_1_48' title='bbox 802 872 887 932; x_wconf 88' lang='lat' dir='ltr'>decet</span> <span class='ocrx_word' id='word_1_49' title='bbox 900 873 1043 933; x_wconf 80' lang='lat' dir='ltr'>Paridem.</span> <span class='ocrx_word' id='word_1_50' title='bbox 1074 874 1130 932; x_wconf 83' lang='lat' dir='ltr'>Est</span> <span class='ocrx_word' id='word_1_51' title='bbox 1149 875 1200 933; x_wconf 92' lang='lat' dir='ltr'>ille</span> <span class='ocrx_word' id='word_1_52' title='bbox 1220 890 1283 934; x_wconf 90' lang='lat' dir='ltr'>ver·</span> 
     </span>
    </p>
   </div>
   <div class='ocr_carea' id='block_1_3' title="bbox 157 961 1282 1130">
    <p class='ocr_par' dir='ltr' id='par_1_3' title="bbox 157 961 1282 1130">
     <span class='ocr_line' id='line_1_7' title="bbox 158 961 1282 1036; baseline 0.006 -14"><span class='ocrx_word' id='word_1_53' title='bbox 158 979 217 1036; x_wconf 86' lang='lat' dir='ltr'>sus,</span> <span class='ocrx_word' id='word_1_54' title='bbox 236 963 264 1022; x_wconf 90' lang='lat' dir='ltr'>si</span> <span class='ocrx_word' id='word_1_55' title='bbox 284 961 354 1034; x_wconf 85' lang='lat' dir='ltr'>quid</span> <span class='ocrx_word' id='word_1_56' title='bbox 373 962 467 1033; x_wconf 85' lang='lat' dir='ltr'>video,</span> <span class='ocrx_word' id='word_1_57' title='bbox 487 963 618 1025; x_wconf 80' lang='lat' dir='ltr'>Helenae</span> <span class='ocrx_word' id='word_1_58' title='bbox 637 966 808 1025; x_wconf 85' lang='lat' dir='ltr'>tribuendus</span> <span class='ocrx_word' id='word_1_59' title='bbox 828 968 908 1026; x_wconf 93' lang='lat' dir='ltr'>cuius</span> <span class='ocrx_word' id='word_1_60' title='bbox 923 969 1016 1027; x_wconf 85' lang='lat' dir='ltr'>oratio</span> <span class='ocrx_word' id='word_1_61' title='bbox 1035 984 1069 1027; x_wconf 92' lang='lat' dir='ltr'>eo</span> <span class='ocrx_word' id='word_1_62' title='bbox 1083 968 1282 1029; x_wconf 84' lang='lat' dir='ltr'>additamento</span> 
     </span>
     <span class='ocr_line' id='line_1_8' title="bbox 157 1055 948 1130; baseline 0.001 -16"><span class='ocrx_word' id='word_1_63' title='bbox 157 1061 244 1114; x_wconf 86' lang='lat' dir='ltr'>ancta</span> <span class='ocrx_word' id='word_1_64' title='bbox 263 1055 350 1128; x_wconf 89' lang='lat' dir='ltr'>plane</span> <span class='ocrx_word' id='word_1_65' title='bbox 369 1055 528 1128; x_wconf 81' lang='lat' dir='ltr'>respondet</span> <span class='ocrx_word' id='word_1_66' title='bbox 546 1055 660 1115; x_wconf 88' lang='lat' dir='ltr'>Paridis</span> <span class='ocrx_word' id='word_1_67' title='bbox 681 1059 814 1130; x_wconf 88' lang='lat' dir='ltr'>orationi,</span> <span class='ocrx_word' id='word_1_68' title='bbox 834 1076 860 1116; x_wconf 86' lang='lat' dir='ltr'>v.</span> <span class='ocrx_word' id='word_1_69' title='bbox 882 1065 948 1117; x_wconf 90' lang='grc'><strong>312.</strong></span> 
     </span>
    </p>
   </div>
   <div class='ocr_carea' id='block_1_4' title="bbox 269 1187 1148 1552">
    <p class='ocr_par' dir='ltr' id='par_1_4' title="bbox 310 1187 1076 1460">
     <span class='ocr_line' id='line_1_9' title="bbox 310 1187 1076 1270; baseline 0.003 -21"><span class='ocrx_word' id='word_1_70' title='bbox 310 1187 398 1268; x_wconf 88' lang='grc' dir='ltr'><em>ἔγρεο</em></span> <span class='ocrx_word' id='word_1_71' title='bbox 420 1191 475 1264; x_wconf 83' lang='grc' dir='ltr'><em>νῦν,</em></span> <span class='ocrx_word' id='word_1_72' title='bbox 497 1188 668 1270; x_wconf 71' lang='grc' dir='ltr'><em>Σπάρτηθεν</em></span> <span class='ocrx_word' id='word_1_73' title='bbox 687 1189 733 1251; x_wconf 78' lang='grc' dir='ltr'>ἐπὶ</span> <span class='ocrx_word' id='word_1_74' title='bbox 756 1191 853 1269; x_wconf 79' lang='grc' dir='ltr'><em>Τροίην</em></span> <span class='ocrx_word' id='word_1_75' title='bbox 870 1212 909 1269; x_wconf 86' lang='grc' dir='ltr'>με</span> <span class='ocrx_word' id='word_1_76' title='bbox 929 1195 1076 1270; x_wconf 86' lang='grc' dir='ltr'><em>κόμισσον.</em></span> 
     </span>
     <span class='ocr_line' id='line_1_10' title="bbox 311 1280 1067 1363; baseline 0.003 -21"><span class='ocrx_word' id='word_1_77' title='bbox 311 1280 427 1362; x_wconf 80' lang='grc' dir='ltr'><em>ἕψομαι,</em></span> <span class='ocrx_word' id='word_1_78' title='bbox 449 1281 492 1349; x_wconf 82' lang='grc' dir='ltr'>ὡς</span> <span class='ocrx_word' id='word_1_79' title='bbox 511 1283 656 1363; x_wconf 77' lang='grc' dir='ltr'><em>Κυθέρεια</em></span> <span class='ocrx_word' id='word_1_80' title='bbox 677 1284 775 1363; x_wconf 90' lang='grc' dir='ltr'><em>γάμων</em></span> <span class='ocrx_word' id='word_1_81' title='bbox 793 1285 926 1360; x_wconf 79' lang='grc' dir='ltr'><em>βασίλεια</em></span> <span class='ocrx_word' id='word_1_82' title='bbox 947 1284 1067 1345; x_wconf 79' lang='grc' dir='ltr'><em>κελεύει.</em></span> 
     </span>
     <span class='ocr_line' id='line_1_11' title="bbox 310 1375 1053 1460; baseline 0.007 -25"><span class='ocrx_word' id='word_1_83' title='bbox 310 1375 344 1435; x_wconf 83' lang='grc' dir='ltr'>οὐ</span> <span class='ocrx_word' id='word_1_84' title='bbox 364 1375 479 1453; x_wconf 80' lang='grc' dir='ltr'><em>τρομέω</em></span> <span class='ocrx_word' id='word_1_85' title='bbox 500 1375 653 1447; x_wconf 84' lang='grc' dir='ltr'><em>Μενέλαον,</em></span> <span class='ocrx_word' id='word_1_86' title='bbox 675 1376 718 1436; x_wconf 77' lang='grc' dir='ltr'>ὅτ’</span> <span class='ocrx_word' id='word_1_87' title='bbox 743 1375 778 1435; x_wconf 77' lang='grc' dir='ltr'>ἂν</span> <span class='ocrx_word' id='word_1_88' title='bbox 801 1377 883 1456; x_wconf 86' lang='grc' dir='ltr'><em>Τροίη</em></span> <span class='ocrx_word' id='word_1_89' title='bbox 900 1399 939 1455; x_wconf 85' lang='grc' dir='ltr'>με</span> <span class='ocrx_word' id='word_1_90' title='bbox 960 1378 1053 1460; x_wconf 79' lang='grc' dir='ltr'><em>νοήοη.</em></span> 
     </span>
    </p>

    <p class='ocr_par' dir='ltr' id='par_1_5' title="bbox 269 1466 1148 1552">
     <span class='ocr_line' id='line_1_12' title="bbox 269 1466 1148 1552; baseline 0.002 -25"><span class='ocrx_word' id='word_1_91' title='bbox 269 1510 272 1514; x_wconf 21' lang='grc' dir='ltr'><strong>Δ</strong></span> <span class='ocrx_word' id='word_1_92' title='bbox 312 1466 400 1530; x_wconf 75' lang='grc' dir='ltr'><em>οἶσθα</em></span> <span class='ocrx_word' id='word_1_93' title='bbox 419 1470 475 1550; x_wconf 83' lang='grc' dir='ltr'>γὰρ</span> <span class='ocrx_word' id='word_1_94' title='bbox 496 1468 539 1536; x_wconf 80' lang='grc' dir='ltr'>ὡς</span> <span class='ocrx_word' id='word_1_95' title='bbox 558 1468 706 1538; x_wconf 83' lang='grc' dir='ltr'><em>Μενέλαος</em></span> <span class='ocrx_word' id='word_1_96' title='bbox 725 1470 879 1538; x_wconf 82' lang='grc' dir='ltr'><em>ἀνάλκιδός</em></span> <span class='ocrx_word' id='word_1_97' title='bbox 897 1471 963 1532; x_wconf 83' lang='grc' dir='ltr'><em>ἐστι</em></span> <span class='ocrx_word' id='word_1_98' title='bbox 983 1472 1148 1552; x_wconf 58' lang='lat' dir='ltr'>perediae«</span> 
     </span>
    </p>
   </div>
   <div class='ocr_carea' id='block_1_5' title="bbox 139 1617 1283 4119">
    <p class='ocr_par' dir='ltr' id='par_1_6' title="bbox 139 1617 1283 4119">
     <span class='ocr_line' id='line_1_13' title="bbox 158 1617 1283 1694; baseline 0 -16"><span class='ocrx_word' id='word_1_99' title='bbox 158 1617 266 1678; x_wconf 84' lang='lat' dir='ltr'>Gontra</span> <span class='ocrx_word' id='word_1_100' title='bbox 286 1617 445 1677; x_wconf 87' lang='lat' dir='ltr'>Schneider</span> <span class='ocrx_word' id='word_1_101' title='bbox 465 1636 494 1690; x_wconf 86' lang='lat' dir='ltr'>p.</span> <span class='ocrx_word' id='word_1_102' title='bbox 508 1626 574 1678; x_wconf 78' lang='grc'><strong>423.</strong></span> <span class='ocrx_word' id='word_1_103' title='bbox 594 1625 652 1677; x_wconf 81' lang='grc'>424</span> <span class='ocrx_word' id='word_1_104' title='bbox 671 1620 822 1693; x_wconf 80' lang='lat' dir='ltr'>impugnat</span> <span class='ocrx_word' id='word_1_105' title='bbox 840 1620 915 1679; x_wconf 88' lang='lat' dir='ltr'>banc</span> <span class='ocrx_word' id='word_1_106' title='bbox 935 1621 1198 1694; x_wconf 81' lang='lat' dir='ltr'>transpositionem,</span> <span class='ocrx_word' id='word_1_107' title='bbox 1218 1637 1283 1679; x_wconf 87' lang='lat' dir='ltr'>curn</span> 
     </span>
     <span class='ocr_line' id='line_1_14' title="bbox 158 1708 1282 1792; baseline 0 -23"><span class='ocrx_word' id='word_1_108' title='bbox 158 1712 233 1770; x_wconf 86' lang='lat' dir='ltr'>enim</span> <span class='ocrx_word' id='word_1_109' title='bbox 250 1712 364 1770; x_wconf 83' lang='lat' dir='ltr'>Helena</span> <span class='ocrx_word' id='word_1_110' title='bbox 383 1711 424 1769; x_wconf 92' lang='lat' dir='ltr'>ibi</span> <span class='ocrx_word' id='word_1_111' title='bbox 444 1711 523 1770; x_wconf 83' lang='lat' dir='ltr'>dicat</span> <span class='ocrx_word' id='word_1_112' title='bbox 542 1708 576 1768; x_wconf 82' lang='grc' dir='ltr'>οὐ</span> <span class='ocrx_word' id='word_1_113' title='bbox 595 1708 711 1788; x_wconf 85' lang='grc' dir='ltr'><em>τρομέω</em></span> <span class='ocrx_word' id='word_1_114' title='bbox 726 1710 879 1785; x_wconf 84' lang='grc' dir='ltr'><em>Μενέλαον,</em></span> <span class='ocrx_word' id='word_1_115' title='bbox 900 1709 944 1770; x_wconf 83' lang='grc' dir='ltr'>ὅτ’</span> <span class='ocrx_word' id='word_1_116' title='bbox 969 1709 1004 1771; x_wconf 81' lang='grc' dir='ltr'>ἂν</span> <span class='ocrx_word' id='word_1_117' title='bbox 1028 1711 1110 1790; x_wconf 84' lang='grc' dir='ltr'><em>Τροίη</em></span> <span class='ocrx_word' id='word_1_118' title='bbox 1127 1733 1166 1788; x_wconf 87' lang='grc' dir='ltr'>με</span> <span class='ocrx_word' id='word_1_119' title='bbox 1186 1710 1282 1792; x_wconf 82' lang='grc' dir='ltr'><em>νοὴση,</em></span> 
     </span>
     <span class='ocr_line' id='line_1_15' title="bbox 158 1800 1283 1882; baseline 0.004 -24"><span class='ocrx_word' id='word_1_120' title='bbox 158 1809 308 1877; x_wconf 81' lang='lat' dir='ltr'>»apertum</span> <span class='ocrx_word' id='word_1_121' title='bbox 330 1809 451 1862; x_wconf 90' lang='lat' dir='ltr'>estnon</span> <span class='ocrx_word' id='word_1_122' title='bbox 471 1811 531 1862; x_wconf 90' lang='lat' dir='ltr'>tam</span> <span class='ocrx_word' id='word_1_123' title='bbox 551 1800 659 1861; x_wconf 85' lang='grc' dir='ltr'><em>οἶσθα</em></span> <span class='ocrx_word' id='word_1_124' title='bbox 679 1803 734 1880; x_wconf 83' lang='grc' dir='ltr'>γὰρ</span> <span class='ocrx_word' id='word_1_125' title='bbox 754 1822 840 1877; x_wconf 87' lang='lat' dir='ltr'>qnam</span> <span class='ocrx_word' id='word_1_126' title='bbox 860 1801 940 1862; x_wconf 80' lang='grc' dir='ltr'><em>οἶδα</em></span> <span class='ocrx_word' id='word_1_127' title='bbox 960 1804 1014 1882; x_wconf 78' lang='grc' dir='ltr'>γάο</span> <span class='ocrx_word' id='word_1_128' title='bbox 1031 1813 1082 1865; x_wconf 91' lang='lat' dir='ltr'>aut</span> <span class='ocrx_word' id='word_1_129' title='bbox 1096 1813 1175 1865; x_wconf 88' lang='lat' dir='ltr'>certe</span> <span class='ocrx_word' id='word_1_130' title='bbox 1195 1802 1283 1865; x_wconf 79' lang='grc' dir='ltr'><em>οἶσθα</em></span> 
     </span>
     <span class='ocr_line' id='line_1_16' title="bbox 157 1893 1283 1973; baseline 0.004 -21"><span class='ocrx_word' id='word_1_131' title='bbox 157 1894 212 1973; x_wconf 76' lang='grc' dir='ltr'>γὰρ</span> <span class='ocrx_word' id='word_1_132' title='bbox 233 1896 281 1953; x_wconf 73' lang='grc' dir='ltr'>καὶ</span> <span class='ocrx_word' id='word_1_133' title='bbox 307 1895 345 1953; x_wconf 84' lang='grc' dir='ltr'>σύ</span> <span class='ocrx_word' id='word_1_134' title='bbox 371 1896 554 1956; x_wconf 89' lang='lat' dir='ltr'>scribendum</span> <span class='ocrx_word' id='word_1_135' title='bbox 581 1893 726 1954; x_wconf 82' lang='lat' dir='ltr'>elisisse.</span> <span class='ocrx_word' id='word_1_136' title='bbox 767 1913 802 1954; x_wconf 90' lang='lat' dir='ltr'>ac</span> <span class='ocrx_word' id='word_1_137' title='bbox 826 1896 956 1969; x_wconf 87' lang='lat' dir='ltr'>profecto</span> <span class='ocrx_word' id='word_1_138' title='bbox 981 1914 1038 1955; x_wconf 92' lang='lat' dir='ltr'>non</span> <span class='ocrx_word' id='word_1_139' title='bbox 1062 1899 1206 1970; x_wconf 89' lang='lat' dir='ltr'>perspicio</span> <span class='ocrx_word' id='word_1_140' title='bbox 1231 1915 1283 1957; x_wconf 90' lang='lat' dir='ltr'>cur</span> 
     </span>
     <span class='ocr_line' id='line_1_17' title="bbox 155 1990 1283 2064; baseline 0.002 -16"><span class='ocrx_word' id='word_1_141' title='bbox 155 2006 212 2048; x_wconf 90' lang='lat' dir='ltr'>non</span> <span class='ocrx_word' id='word_1_142' title='bbox 237 1996 337 2064; x_wconf 89' lang='lat' dir='ltr'>aptum</span> <span class='ocrx_word' id='word_1_143' title='bbox 364 1991 467 2063; x_wconf 87' lang='lat' dir='ltr'>eiquo</span> <span class='ocrx_word' id='word_1_144' title='bbox 493 1991 604 2062; x_wconf 88' lang='lat' dir='ltr'>positus</span> <span class='ocrx_word' id='word_1_145' title='bbox 626 1997 670 2048; x_wconf 90' lang='lat' dir='ltr'>est</span> <span class='ocrx_word' id='word_1_146' title='bbox 689 1990 753 2049; x_wconf 90' lang='lat' dir='ltr'>loco</span> <span class='ocrx_word' id='word_1_147' title='bbox 778 2007 892 2049; x_wconf 89' lang='lat' dir='ltr'>versum</span> <span class='ocrx_word' id='word_1_148' title='bbox 916 1991 1019 2050; x_wconf 85' lang='lat' dir='ltr'>dicam.</span> <span class='ocrx_word' id='word_1_149' title='bbox 1049 1992 1106 2048; x_wconf 92' lang='lat' dir='ltr'>imo</span> <span class='ocrx_word' id='word_1_150' title='bbox 1128 1990 1196 2063; x_wconf 89' lang='lat' dir='ltr'>quid</span> <span class='ocrx_word' id='word_1_151' title='bbox 1217 2007 1283 2050; x_wconf 88' lang='lat' dir='ltr'>con·</span> 
     </span>
     <span class='ocr_line' id='line_1_18' title="bbox 155 2083 1282 2157; baseline 0 -16"><span class='ocrx_word' id='word_1_152' title='bbox 155 2084 220 2142; x_wconf 90' lang='lat' dir='ltr'>silio</span> <span class='ocrx_word' id='word_1_153' title='bbox 240 2084 366 2156; x_wconf 85' lang='lat' dir='ltr'>Paridis,</span> <span class='ocrx_word' id='word_1_154' title='bbox 386 2085 529 2144; x_wconf 90' lang='lat' dir='ltr'>Helenam</span> <span class='ocrx_word' id='word_1_155' title='bbox 549 2090 582 2142; x_wconf 92' lang='lat' dir='ltr'>nt</span> <span class='ocrx_word' id='word_1_156' title='bbox 601 2090 773 2156; x_wconf 90' lang='lat' dir='ltr'>sequeretur</span> <span class='ocrx_word' id='word_1_157' title='bbox 793 2100 824 2142; x_wconf 90' lang='lat' dir='ltr'>se</span> <span class='ocrx_word' id='word_1_158' title='bbox 845 2084 1017 2157; x_wconf 91' lang='lat' dir='ltr'>pellicientis</span> <span class='ocrx_word' id='word_1_159' title='bbox 1039 2100 1159 2156; x_wconf 88' lang='lat' dir='ltr'>eamque</span> <span class='ocrx_word' id='word_1_160' title='bbox 1181 2083 1282 2143; x_wconf 89' lang='lat' dir='ltr'>confir·</span> 
     </span>
     <span class='ocr_line' id='line_1_19' title="bbox 155 2174 1283 2252; baseline 0 -18"><span class='ocrx_word' id='word_1_161' title='bbox 155 2179 270 2247; x_wconf 80' lang='lat' dir='ltr'>mantis,</span> <span class='ocrx_word' id='word_1_162' title='bbox 290 2180 384 2250; x_wconf 80' lang='lat' dir='ltr'>magis</span> <span class='ocrx_word' id='word_1_163' title='bbox 405 2180 501 2252; x_wconf 90' lang='lat' dir='ltr'>potuit</span> <span class='ocrx_word' id='word_1_164' title='bbox 521 2180 675 2238; x_wconf 88' lang='lat' dir='ltr'>convenire</span> <span class='ocrx_word' id='word_1_165' title='bbox 696 2195 780 2250; x_wconf 88' lang='lat' dir='ltr'>quam</span> <span class='ocrx_word' id='word_1_166' title='bbox 801 2178 957 2238; x_wconf 90' lang='lat' dir='ltr'>admonere</span> <span class='ocrx_word' id='word_1_167' title='bbox 972 2174 1106 2234; x_wconf 89' lang='lat' dir='ltr'>feminam</span> <span class='ocrx_word' id='word_1_168' title='bbox 1120 2178 1218 2235; x_wconf 88' lang='lat' dir='ltr'>mariti</span> <span class='ocrx_word' id='word_1_169' title='bbox 1230 2179 1283 2234; x_wconf 92' lang='lat' dir='ltr'>im·</span> 
     </span>
     <span class='ocr_line' id='line_1_20' title="bbox 157 2269 1281 2344; baseline -0.001 -16"><span class='ocrx_word' id='word_1_170' title='bbox 157 2269 241 2329; x_wconf 88' lang='lat' dir='ltr'>bellis</span> <span class='ocrx_word' id='word_1_171' title='bbox 261 2278 294 2329; x_wconf 87' lang='lat' dir='ltr'>ut</span> <span class='ocrx_word' id='word_1_172' title='bbox 314 2272 363 2344; x_wconf 88' lang='lat' dir='ltr'>qui</span> <span class='ocrx_word' id='word_1_173' title='bbox 383 2276 503 2344; x_wconf 90' lang='lat' dir='ltr'>propter</span> <span class='ocrx_word' id='word_1_174' title='bbox 523 2272 597 2331; x_wconf 91' lang='lat' dir='ltr'>hanc</span> <span class='ocrx_word' id='word_1_175' title='bbox 617 2288 698 2330; x_wconf 89' lang='lat' dir='ltr'>suam</span> <span class='ocrx_word' id='word_1_176' title='bbox 719 2271 845 2331; x_wconf 87' lang='lat' dir='ltr'>indolem</span> <span class='ocrx_word' id='word_1_177' title='bbox 861 2289 919 2330; x_wconf 90' lang='lat' dir='ltr'>non</span> <span class='ocrx_word' id='word_1_178' title='bbox 932 2287 1055 2329; x_wconf 88' lang='lat' dir='ltr'>ausurus</span> <span class='ocrx_word' id='word_1_179' title='bbox 1070 2277 1148 2329; x_wconf 88' lang='lat' dir='ltr'>esset</span> <span class='ocrx_word' id='word_1_180' title='bbox 1162 2286 1281 2330; x_wconf 85' lang='lat' dir='ltr'>uxorem</span> 
     </span>
     <span class='ocr_line' id='line_1_21' title="bbox 157 2363 1281 2438; baseline -0.001 -16"><span class='ocrx_word' id='word_1_181' title='bbox 157 2365 245 2422; x_wconf 85' lang='lat' dir='ltr'>armis</span> <span class='ocrx_word' id='word_1_182' title='bbox 272 2371 408 2437; x_wconf 88' lang='lat' dir='ltr'>repetere</span> <span class='ocrx_word' id='word_1_183' title='bbox 434 2373 463 2423; x_wconf 88' lang='lat' dir='ltr'>et</span> <span class='ocrx_word' id='word_1_184' title='bbox 487 2363 608 2426; x_wconf 65' lang='lat' dir='ltr'>ulcisci?</span> <span class='ocrx_word' id='word_1_185' title='bbox 640 2366 686 2423; x_wconf 90' lang='lat' dir='ltr'>cui</span> <span class='ocrx_word' id='word_1_186' title='bbox 717 2365 904 2424; x_wconf 87' lang='lat' dir='ltr'>admonitioni</span> <span class='ocrx_word' id='word_1_187' title='bbox 937 2365 1087 2438; x_wconf 88' lang='lat' dir='ltr'>aptissime</span> <span class='ocrx_word' id='word_1_188' title='bbox 1113 2363 1281 2436; x_wconf 79' lang='lat' dir='ltr'>adiungitur</span> 
     </span>
     <span class='ocr_line' id='line_1_22' title="bbox 154 2454 1280 2532; baseline -0.002 -17"><span class='ocrx_word' id='word_1_189' title='bbox 154 2457 243 2526; x_wconf 87' lang='lat' dir='ltr'>haec,</span> <span class='ocrx_word' id='word_1_190' title='bbox 270 2473 345 2530; x_wconf 86' lang='lat' dir='ltr'>quae</span> <span class='ocrx_word' id='word_1_191' title='bbox 366 2465 395 2516; x_wconf 89' lang='lat' dir='ltr'>et</span> <span class='ocrx_word' id='word_1_192' title='bbox 414 2459 480 2532; x_wconf 89' lang='lat' dir='ltr'>ipsa</span> <span class='ocrx_word' id='word_1_193' title='bbox 504 2459 632 2532; x_wconf 91' lang='lat' dir='ltr'>pertinet</span> <span class='ocrx_word' id='word_1_194' title='bbox 657 2460 694 2517; x_wconf 86' lang='lat' dir='ltr'>ad</span> <span class='ocrx_word' id='word_1_195' title='bbox 721 2458 943 2518; x_wconf 88' lang='lat' dir='ltr'>confirmandam</span> <span class='ocrx_word' id='word_1_196' title='bbox 964 2459 1118 2517; x_wconf 87' lang='lat' dir='ltr'>Helenam:</span> <span class='ocrx_word' id='word_1_197' title='bbox 1144 2454 1177 2514; x_wconf 85' lang='grc' dir='ltr'>οὐ</span> <span class='ocrx_word' id='word_1_198' title='bbox 1198 2461 1280 2531; x_wconf 79' lang='grc' dir='ltr'><em>τοῖαι,</em></span> 
     </span>
     <span class='ocr_line' id='line_1_23' title="bbox 154 2550 1281 2626; baseline 0.003 -18"><span class='ocrx_word' id='word_1_199' title='bbox 154 2551 175 2608; x_wconf 90' lang='lat' dir='ltr'>i.</span> <span class='ocrx_word' id='word_1_200' title='bbox 197 2568 222 2609; x_wconf 88' lang='lat' dir='ltr'>e.</span> <span class='ocrx_word' id='word_1_201' title='bbox 242 2568 299 2610; x_wconf 92' lang='lat' dir='ltr'>non</span> <span class='ocrx_word' id='word_1_202' title='bbox 319 2550 480 2625; x_wconf 78' lang='grc' dir='ltr'><em>ἀνάλκιδες,</em></span> <span class='ocrx_word' id='word_1_203' title='bbox 505 2554 535 2611; x_wconf 90' lang='lat' dir='ltr'>in</span> <span class='ocrx_word' id='word_1_204' title='bbox 556 2553 755 2626; x_wconf 87' lang='lat' dir='ltr'>Peloponneso</span> <span class='ocrx_word' id='word_1_205' title='bbox 775 2559 842 2611; x_wconf 91' lang='lat' dir='ltr'>sunt</span> <span class='ocrx_word' id='word_1_206' title='bbox 861 2551 993 2610; x_wconf 83' lang='lat' dir='ltr'>feminae.</span> <span class='ocrx_word' id='word_1_207' title='bbox 1033 2569 1100 2610; x_wconf 90' lang='lat' dir='ltr'>nam</span> <span class='ocrx_word' id='word_1_208' title='bbox 1120 2553 1174 2612; x_wconf 91' lang='lat' dir='ltr'>hoc</span> <span class='ocrx_word' id='word_1_209' title='bbox 1194 2569 1281 2624; x_wconf 87' lang='lat' dir='ltr'>quum</span> 
     </span>
     <span class='ocr_line' id='line_1_24' title="bbox 156 2644 1280 2719; baseline 0 -16"><span class='ocrx_word' id='word_1_210' title='bbox 156 2644 230 2704; x_wconf 89' lang='lat' dir='ltr'>dicit</span> <span class='ocrx_word' id='word_1_211' title='bbox 241 2645 336 2719; x_wconf 86' lang='lat' dir='ltr'>Paris,</span> <span class='ocrx_word' id='word_1_212' title='bbox 356 2645 498 2704; x_wconf 85' lang='lat' dir='ltr'>Helenam</span> <span class='ocrx_word' id='word_1_213' title='bbox 518 2645 591 2704; x_wconf 89' lang='lat' dir='ltr'>dicit</span> <span class='ocrx_word' id='word_1_214' title='bbox 610 2646 794 2704; x_wconf 84' lang='lat' dir='ltr'>audaciorem</span> <span class='ocrx_word' id='word_1_215' title='bbox 816 2661 880 2703; x_wconf 89' lang='lat' dir='ltr'>esse</span> <span class='ocrx_word' id='word_1_216' title='bbox 901 2661 986 2716; x_wconf 87' lang='lat' dir='ltr'>quam</span> <span class='ocrx_word' id='word_1_217' title='bbox 1007 2661 1083 2715; x_wconf 88' lang='lat' dir='ltr'>quae</span> <span class='ocrx_word' id='word_1_218' title='bbox 1096 2644 1133 2703; x_wconf 93' lang='lat' dir='ltr'>ob</span> <span class='ocrx_word' id='word_1_219' title='bbox 1147 2646 1280 2703; x_wconf 89' lang='lat' dir='ltr'>relictum</span> 
     </span>
     <span class='ocr_line' id='line_1_25' title="bbox 139 2735 1283 2812; baseline -0.003 -15"><span class='ocrx_word' id='word_1_220' title='bbox 139 2735 321 2797; x_wconf 67' lang='lat' dir='ltr'>‘Menelaum</span> <span class='ocrx_word' id='word_1_221' title='bbox 350 2739 506 2811; x_wconf 88' lang='lat' dir='ltr'>quidquam</span> <span class='ocrx_word' id='word_1_222' title='bbox 530 2740 633 2797; x_wconf 90' lang='lat' dir='ltr'>timere</span> <span class='ocrx_word' id='word_1_223' title='bbox 659 2739 759 2812; x_wconf 86' lang='lat' dir='ltr'>possit.</span> <span class='ocrx_word' id='word_1_224' title='bbox 798 2738 865 2796; x_wconf 91' lang='lat' dir='ltr'>hinc</span> <span class='ocrx_word' id='word_1_225' title='bbox 889 2745 972 2810; x_wconf 89' lang='lat' dir='ltr'>patet</span> <span class='ocrx_word' id='word_1_226' title='bbox 992 2738 1075 2796; x_wconf 89' lang='lat' dir='ltr'>simul</span> <span class='ocrx_word' id='word_1_227' title='bbox 1095 2754 1152 2795; x_wconf 92' lang='lat' dir='ltr'>non</span> <span class='ocrx_word' id='word_1_228' title='bbox 1171 2742 1283 2795; x_wconf 89' lang='lat' dir='ltr'>mutan·</span> 
     </span>
     <span class='ocr_line' id='line_1_26' title="bbox 158 2828 1281 2904; baseline -0.004 -13"><span class='ocrx_word' id='word_1_229' title='bbox 158 2832 226 2891; x_wconf 91' lang='lat' dir='ltr'>dum</span> <span class='ocrx_word' id='word_1_230' title='bbox 248 2847 312 2890; x_wconf 88' lang='lat' dir='ltr'>esse</span> <span class='ocrx_word' id='word_1_231' title='bbox 332 2828 366 2888; x_wconf 81' lang='grc' dir='ltr'>οὐ</span> <span class='ocrx_word' id='word_1_232' title='bbox 386 2835 474 2904; x_wconf 82' lang='grc' dir='ltr'><em>τοῖαι,</em></span> <span class='ocrx_word' id='word_1_233' title='bbox 498 2834 544 2890; x_wconf 89' lang='lat' dir='ltr'>cui</span> <span class='ocrx_word' id='word_1_234' title='bbox 564 2832 593 2889; x_wconf 94' lang='lat' dir='ltr'>in</span> <span class='ocrx_word' id='word_1_235' title='bbox 613 2831 772 2888; x_wconf 79' lang='lat' dir='ltr'>Mutinensi</span> <span class='ocrx_word' id='word_1_236' title='bbox 792 2830 978 2888; x_wconf 89' lang='lat' dir='ltr'>substitutum</span> <span class='ocrx_word' id='word_1_237' title='bbox 999 2828 1027 2886; x_wconf 84' lang='lat' dir='ltr'>el</span> <span class='ocrx_word' id='word_1_238' title='bbox 1043 2831 1132 2901; x_wconf 84' lang='grc' dir='ltr'><em>τοῖαι,</em></span> <span class='ocrx_word' id='word_1_239' title='bbox 1153 2828 1183 2886; x_wconf 91' lang='lat' dir='ltr'>id</span> <span class='ocrx_word' id='word_1_240' title='bbox 1203 2829 1281 2900; x_wconf 88' lang='lat' dir='ltr'>quod</span> 
     </span>
     <span class='ocr_line' id='line_1_27' title="bbox 156 2922 1282 2998; baseline -0.005 -13"><span class='ocrx_word' id='word_1_241' title='bbox 156 2925 340 2985; x_wconf 89' lang='lat' dir='ltr'>Hermannus</span> <span class='ocrx_word' id='word_1_242' title='bbox 361 2926 571 2985; x_wconf 87' lang='lat' dir='ltr'>commendavit</span> <span class='ocrx_word' id='word_1_243' title='bbox 590 2926 759 2998; x_wconf 77' lang='lat' dir='ltr'>recepitque</span> <span class='ocrx_word' id='word_1_244' title='bbox 778 2924 927 2982; x_wconf 90' lang='lat' dir='ltr'>Lehrsius.</span> <span class='ocrx_word' id='word_1_245' title='bbox 967 2922 1039 2981; x_wconf 90' lang='lat' dir='ltr'>illud</span> <span class='ocrx_word' id='word_1_246' title='bbox 1059 2927 1156 2981; x_wconf 85' lang='lat' dir='ltr'>autem</span> <span class='ocrx_word' id='word_1_247' title='bbox 1176 2923 1282 2995; x_wconf 89' lang='lat' dir='ltr'>permi-</span> 
     </span>
     <span class='ocr_line' id='line_1_28' title="bbox 155 3013 1283 3097; baseline -0.003 -19"><span class='ocrx_word' id='word_1_248' title='bbox 155 3036 218 3078; x_wconf 88' lang='lat' dir='ltr'>rum</span> <span class='ocrx_word' id='word_1_249' title='bbox 240 3029 293 3094; x_wconf 85' lang='lat' dir='ltr'>est,</span> <span class='ocrx_word' id='word_1_250' title='bbox 314 3021 364 3093; x_wconf 87' lang='lat' dir='ltr'>qui</span> <span class='ocrx_word' id='word_1_251' title='bbox 377 3022 504 3080; x_wconf 88' lang='lat' dir='ltr'>tolerare</span> <span class='ocrx_word' id='word_1_252' title='bbox 517 3021 666 3093; x_wconf 91' lang='lat' dir='ltr'>potuerint</span> <span class='ocrx_word' id='word_1_253' title='bbox 680 3020 806 3080; x_wconf 88' lang='lat' dir='ltr'>editores</span> <span class='ocrx_word' id='word_1_254' title='bbox 827 3020 906 3079; x_wconf 91' lang='lat' dir='ltr'>istud</span> <span class='ocrx_word' id='word_1_255' title='bbox 926 3018 1039 3096; x_wconf 82' lang='grc' dir='ltr'><em>ἀνδρῶν</em></span> <span class='ocrx_word' id='word_1_256' title='bbox 1059 3015 1160 3082; x_wconf 80' lang='grc' dir='ltr'><em>εἶδος</em></span> <span class='ocrx_word' id='word_1_257' title='bbox 1179 3013 1283 3097; x_wconf 82' lang='grc' dir='ltr'><em>ἔχουσι</em></span> 
     </span>
     <span class='ocr_line' id='line_1_29' title="bbox 154 3112 1282 3186; baseline 0 -16"><span class='ocrx_word' id='word_1_258' title='bbox 154 3130 181 3170; x_wconf 82' lang='grc' dir='ltr'>ν.</span> <span class='ocrx_word' id='word_1_259' title='bbox 203 3120 274 3185; x_wconf 87' lang='grc'><strong>302,</strong></span> <span class='ocrx_word' id='word_1_260' title='bbox 299 3129 366 3171; x_wconf 89' lang='lat' dir='ltr'>nam</span> <span class='ocrx_word' id='word_1_261' title='bbox 391 3130 466 3186; x_wconf 86' lang='lat' dir='ltr'>quae</span> <span class='ocrx_word' id='word_1_262' title='bbox 492 3112 694 3173; x_wconf 87' lang='lat' dir='ltr'>infirmioribus</span> <span class='ocrx_word' id='word_1_263' title='bbox 722 3130 807 3185; x_wconf 89' lang='lat' dir='ltr'>quam</span> <span class='ocrx_word' id='word_1_264' title='bbox 827 3115 883 3171; x_wconf 92' lang='lat' dir='ltr'>viri</span> <span class='ocrx_word' id='word_1_265' title='bbox 902 3119 1037 3171; x_wconf 88' lang='lat' dir='ltr'>crescunt</span> <span class='ocrx_word' id='word_1_266' title='bbox 1057 3113 1192 3172; x_wconf 90' lang='lat' dir='ltr'>membris</span> <span class='ocrx_word' id='word_1_267' title='bbox 1214 3129 1282 3185; x_wconf 90' lang='lat' dir='ltr'>quo·</span> 
     </span>
     <span class='ocr_line' id='line_1_30' title="bbox 155 3205 1283 3280; baseline 0.001 -16"><span class='ocrx_word' id='word_1_268' title='bbox 155 3205 241 3265; x_wconf 90' lang='lat' dir='ltr'>modo</span> <span class='ocrx_word' id='word_1_269' title='bbox 255 3208 380 3266; x_wconf 88' lang='lat' dir='ltr'>virorum</span> <span class='ocrx_word' id='word_1_270' title='bbox 400 3209 558 3280; x_wconf 90' lang='lat' dir='ltr'>speciem</span> <span class='ocrx_word' id='word_1_271' title='bbox 578 3207 690 3280; x_wconf 91' lang='lat' dir='ltr'>possint</span> <span class='ocrx_word' id='word_1_272' title='bbox 703 3207 820 3278; x_wconf 89' lang='lat' dir='ltr'>habere,</span> <span class='ocrx_word' id='word_1_273' title='bbox 842 3223 928 3278; x_wconf 90' lang='lat' dir='ltr'>quum</span> <span class='ocrx_word' id='word_1_274' title='bbox 941 3208 1067 3266; x_wconf 88' lang='lat' dir='ltr'>virorum</span> <span class='ocrx_word' id='word_1_275' title='bbox 1081 3206 1211 3265; x_wconf 88' lang='lat' dir='ltr'>membra</span> <span class='ocrx_word' id='word_1_276' title='bbox 1225 3207 1283 3265; x_wconf 89' lang='lat' dir='ltr'>sint</span> 
     </span>
     <span class='ocr_line' id='line_1_31' title="bbox 155 3299 1280 3374; baseline -0.003 -15"><span class='ocrx_word' id='word_1_277' title='bbox 155 3299 248 3374; x_wconf 85' lang='lat' dir='ltr'>firma,</span> <span class='ocrx_word' id='word_1_278' title='bbox 268 3300 381 3360; x_wconf 89' lang='lat' dir='ltr'>infirma</span> <span class='ocrx_word' id='word_1_279' title='bbox 400 3302 560 3373; x_wconf 84' lang='lat' dir='ltr'>mulierum,</span> <span class='ocrx_word' id='word_1_280' title='bbox 581 3306 614 3359; x_wconf 87' lang='lat' dir='ltr'>ut</span> <span class='ocrx_word' id='word_1_281' title='bbox 634 3318 669 3359; x_wconf 82' lang='lat' dir='ltr'>ex</span> <span class='ocrx_word' id='word_1_282' title='bbox 689 3299 855 3358; x_wconf 89' lang='lat' dir='ltr'>infirmitate</span> <span class='ocrx_word' id='word_1_283' title='bbox 874 3301 971 3358; x_wconf 88' lang='lat' dir='ltr'>statim</span> <span class='ocrx_word' id='word_1_284' title='bbox 991 3305 1133 3372; x_wconf 89' lang='lat' dir='ltr'>appareat</span> <span class='ocrx_word' id='word_1_285' title='bbox 1153 3299 1280 3356; x_wconf 89' lang='lat' dir='ltr'>mulieris</span> 
     </span>
     <span class='ocr_line' id='line_1_32' title="bbox 154 3389 1282 3466; baseline -0.007 -13"><span class='ocrx_word' id='word_1_286' title='bbox 154 3395 279 3453; x_wconf 74' lang='lat' dir='ltr'>natural</span> <span class='ocrx_word' id='word_1_287' title='bbox 299 3411 372 3453; x_wconf 88' lang='lat' dir='ltr'>unus</span> <span class='ocrx_word' id='word_1_288' title='bbox 392 3396 466 3454; x_wconf 87' lang='lat' dir='ltr'>hanc</span> <span class='ocrx_word' id='word_1_289' title='bbox 487 3396 578 3453; x_wconf 89' lang='lat' dir='ltr'>sensit</span> <span class='ocrx_word' id='word_1_290' title='bbox 595 3410 692 3452; x_wconf 90' lang='lat' dir='ltr'>rerum</span> <span class='ocrx_word' id='word_1_291' title='bbox 712 3395 934 3466; x_wconf 82' lang='lat' dir='ltr'>repugnantiam</span> <span class='ocrx_word' id='word_1_292' title='bbox 948 3392 1143 3465; x_wconf 86' lang='lat' dir='ltr'>Dausqueius,</span> <span class='ocrx_word' id='word_1_293' title='bbox 1164 3392 1213 3463; x_wconf 90' lang='lat' dir='ltr'>qui</span> <span class='ocrx_word' id='word_1_294' title='bbox 1234 3389 1282 3446; x_wconf 82' lang='grc' dir='ltr'>καὶ</span> 
     </span>
     <span class='ocr_line' id='line_1_33' title="bbox 155 3485 1281 3564; baseline -0.002 -22"><span class='ocrx_word' id='word_1_295' title='bbox 155 3485 211 3562; x_wconf 81' lang='grc' dir='ltr'>γὰρ</span> <span class='ocrx_word' id='word_1_296' title='bbox 237 3485 505 3564; x_wconf 85' lang='grc' dir='ltr'><em>ἀρειοτέροισιν</em></span> <span class='ocrx_word' id='word_1_297' title='bbox 525 3485 553 3543; x_wconf 82' lang='grc' dir='ltr'>ἀ.</span> <span class='ocrx_word' id='word_1_298' title='bbox 571 3506 602 3561; x_wconf 88' lang='grc' dir='ltr'>μ.</span> <span class='ocrx_word' id='word_1_299' title='bbox 628 3486 717 3545; x_wconf 89' lang='lat' dir='ltr'>scribi</span> <span class='ocrx_word' id='word_1_300' title='bbox 743 3488 833 3545; x_wconf 91' lang='lat' dir='ltr'>voluit</span> <span class='ocrx_word' id='word_1_301' title='bbox 860 3485 1050 3558; x_wconf 88' lang='lat' dir='ltr'>[improbatus</span> <span class='ocrx_word' id='word_1_302' title='bbox 1073 3485 1281 3557; x_wconf 85' lang='lat' dir='ltr'>aLennepiol.</span> 
     </span>
     <span class='ocr_line' id='line_1_34' title="bbox 155 3578 1282 3653; baseline -0.002 -15"><span class='ocrx_word' id='word_1_303' title='bbox 155 3596 254 3639; x_wconf 88' lang='lat' dir='ltr'>verum</span> <span class='ocrx_word' id='word_1_304' title='bbox 274 3598 311 3640; x_wconf 92' lang='lat' dir='ltr'>ne</span> <span class='ocrx_word' id='word_1_305' title='bbox 336 3582 390 3641; x_wconf 89' lang='lat' dir='ltr'>boo</span> <span class='ocrx_word' id='word_1_306' title='bbox 415 3581 531 3653; x_wconf 91' lang='lat' dir='ltr'>quidem</span> <span class='ocrx_word' id='word_1_307' title='bbox 552 3579 665 3638; x_wconf 81' lang='lat' dir='ltr'>sufficit.</span> <span class='ocrx_word' id='word_1_308' title='bbox 694 3596 761 3637; x_wconf 90' lang='lat' dir='ltr'>nam</span> <span class='ocrx_word' id='word_1_309' title='bbox 783 3596 869 3651; x_wconf 91' lang='lat' dir='ltr'>quum</span> <span class='ocrx_word' id='word_1_310' title='bbox 889 3579 1014 3653; x_wconf 90' lang='lat' dir='ltr'>probare</span> <span class='ocrx_word' id='word_1_311' title='bbox 1027 3579 1111 3637; x_wconf 87' lang='lat' dir='ltr'>Paris</span> <span class='ocrx_word' id='word_1_312' title='bbox 1131 3578 1202 3637; x_wconf 89' lang='lat' dir='ltr'>velit</span> <span class='ocrx_word' id='word_1_313' title='bbox 1221 3594 1282 3636; x_wconf 91' lang='lat' dir='ltr'>mu·</span> 
     </span>
     <span class='ocr_line' id='line_1_35' title="bbox 156 3671 1282 3747; baseline -0.004 -15"><span class='ocrx_word' id='word_1_314' title='bbox 156 3675 244 3733; x_wconf 90' lang='lat' dir='ltr'>lieres</span> <span class='ocrx_word' id='word_1_315' title='bbox 265 3674 389 3747; x_wconf 83' lang='lat' dir='ltr'>Argivas</span> <span class='ocrx_word' id='word_1_316' title='bbox 409 3692 465 3734; x_wconf 92' lang='lat' dir='ltr'>non</span> <span class='ocrx_word' id='word_1_317' title='bbox 486 3691 550 3733; x_wconf 91' lang='lat' dir='ltr'>esse</span> <span class='ocrx_word' id='word_1_318' title='bbox 570 3673 740 3746; x_wconf 78' lang='grc' dir='ltr'><em>ἀνάλκιδας,</em></span> <span class='ocrx_word' id='word_1_319' title='bbox 766 3675 795 3731; x_wconf 94' lang='lat' dir='ltr'>in</span> <span class='ocrx_word' id='word_1_320' title='bbox 816 3674 871 3731; x_wconf 88' lang='lat' dir='ltr'>hac</span> <span class='ocrx_word' id='word_1_321' title='bbox 895 3673 1067 3746; x_wconf 88' lang='lat' dir='ltr'>probatione</span> <span class='ocrx_word' id='word_1_322' title='bbox 1092 3688 1150 3730; x_wconf 93' lang='lat' dir='ltr'>non</span> <span class='ocrx_word' id='word_1_323' title='bbox 1170 3671 1282 3743; x_wconf 87' lang='lat' dir='ltr'>species</span> 
     </span>
     <span class='ocr_line' id='line_1_36' title="bbox 157 3764 1282 3840; baseline -0.004 -14"><span class='ocrx_word' id='word_1_324' title='bbox 157 3774 277 3827; x_wconf 80' lang='lat' dir='ltr'>externa</span> <span class='ocrx_word' id='word_1_325' title='bbox 299 3769 439 3840; x_wconf 84' lang='lat' dir='ltr'>virorum,</span> <span class='ocrx_word' id='word_1_326' title='bbox 465 3768 516 3826; x_wconf 92' lang='lat' dir='ltr'>sed</span> <span class='ocrx_word' id='word_1_327' title='bbox 542 3768 653 3826; x_wconf 88' lang='lat' dir='ltr'>indoles</span> <span class='ocrx_word' id='word_1_328' title='bbox 674 3769 763 3826; x_wconf 90' lang='lat' dir='ltr'>animi</span> <span class='ocrx_word' id='word_1_329' title='bbox 782 3768 877 3826; x_wconf 89' lang='lat' dir='ltr'>locum</span> <span class='ocrx_word' id='word_1_330' title='bbox 896 3766 993 3825; x_wconf 89' lang='lat' dir='ltr'>babet.</span> <span class='ocrx_word' id='word_1_331' title='bbox 1035 3766 1134 3836; x_wconf 87' lang='lat' dir='ltr'>itaque</span> <span class='ocrx_word' id='word_1_332' title='bbox 1155 3764 1282 3822; x_wconf 89' lang='lat' dir='ltr'>scriben-</span> 
     </span>
     <span class='ocr_line' id='line_1_37' title="bbox 154 3855 1282 3938; baseline -0.003 -19"><span class='ocrx_word' id='word_1_333' title='bbox 154 3861 237 3919; x_wconf 90' lang='lat' dir='ltr'>dum:</span> <span class='ocrx_word' id='word_1_334' title='bbox 263 3859 379 3936; x_wconf 83' lang='grc' dir='ltr'><em>ἀνδρῶν</em></span> <span class='ocrx_word' id='word_1_335' title='bbox 404 3855 494 3938; x_wconf 72' lang='grc' dir='ltr'><em>ἦθος</em></span> <span class='ocrx_word' id='word_1_336' title='bbox 519 3855 635 3938; x_wconf 82' lang='grc' dir='ltr'><em>ἔχουσι,</em></span> <span class='ocrx_word' id='word_1_337' title='bbox 662 3861 739 3919; x_wconf 91' lang='lat' dir='ltr'>unde</span> <span class='ocrx_word' id='word_1_338' title='bbox 765 3860 863 3919; x_wconf 88' lang='lat' dir='ltr'>evadit</span> <span class='ocrx_word' id='word_1_339' title='bbox 882 3877 956 3932; x_wconf 87' lang='lat' dir='ltr'>quae</span> <span class='ocrx_word' id='word_1_340' title='bbox 977 3860 1060 3917; x_wconf 91' lang='lat' dir='ltr'>unice</span> <span class='ocrx_word' id='word_1_341' title='bbox 1080 3858 1127 3916; x_wconf 92' lang='lat' dir='ltr'>bic</span> <span class='ocrx_word' id='word_1_342' title='bbox 1147 3865 1217 3931; x_wconf 86' lang='lat' dir='ltr'>apto</span> <span class='ocrx_word' id='word_1_343' title='bbox 1237 3865 1282 3916; x_wconf 89' lang='lat' dir='ltr'>est</span> 
     </span>
     <span class='ocr_line' id='line_1_38' title="bbox 157 3950 1283 4027; baseline -0.005 -13"><span class='ocrx_word' id='word_1_344' title='bbox 157 3955 303 4014; x_wconf 87' lang='lat' dir='ltr'>sententia</span> <span class='ocrx_word' id='word_1_345' title='bbox 322 3955 406 4013; x_wconf 90' lang='lat' dir='ltr'>talis:</span> <span class='ocrx_word' id='word_1_346' title='bbox 427 3970 483 4013; x_wconf 90' lang='lat' dir='ltr'>non</span> <span class='ocrx_word' id='word_1_347' title='bbox 503 3954 635 4012; x_wconf 89' lang='lat' dir='ltr'>imbelles</span> <span class='ocrx_word' id='word_1_348' title='bbox 655 3960 721 4011; x_wconf 91' lang='lat' dir='ltr'>sunt</span> <span class='ocrx_word' id='word_1_349' title='bbox 736 3955 765 4011; x_wconf 94' lang='lat' dir='ltr'>in</span> <span class='ocrx_word' id='word_1_350' title='bbox 779 3954 978 4027; x_wconf 89' lang='lat' dir='ltr'>Peloponneso</span> <span class='ocrx_word' id='word_1_351' title='bbox 992 3950 1125 4024; x_wconf 88' lang='lat' dir='ltr'>feminae,</span> <span class='ocrx_word' id='word_1_352' title='bbox 1145 3968 1212 4009; x_wconf 87' lang='lat' dir='ltr'>nam</span> <span class='ocrx_word' id='word_1_353' title='bbox 1227 3952 1283 4010; x_wconf 90' lang='lat' dir='ltr'>etsi</span> 
     </span>
     <span class='ocr_line' id='line_1_39' title="bbox 155 4045 1282 4119; baseline -0.004 -11"><span class='ocrx_word' id='word_1_354' title='bbox 155 4048 359 4109; x_wconf 88' lang='lat' dir='ltr'>infirmioribus</span> <span class='ocrx_word' id='word_1_355' title='bbox 380 4055 514 4107; x_wconf 86' lang='lat' dir='ltr'>crescunt</span> <span class='ocrx_word' id='word_1_356' title='bbox 531 4049 676 4119; x_wconf 84' lang='lat' dir='ltr'>membris,</span> <span class='ocrx_word' id='word_1_357' title='bbox 696 4049 822 4107; x_wconf 88' lang='lat' dir='ltr'>virorum</span> <span class='ocrx_word' id='word_1_358' title='bbox 841 4052 938 4104; x_wconf 87' lang='lat' dir='ltr'>tamen</span> <span class='ocrx_word' id='word_1_359' title='bbox 954 4045 1079 4104; x_wconf 90' lang='lat' dir='ltr'>indolem</span> <span class='ocrx_word' id='word_1_360' title='bbox 1098 4047 1282 4118; x_wconf 86' lang='lat' dir='ltr'>animumque</span> 
     </span>
    </p>
   </div>
   <div class='ocr_carea' id='block_1_6' title="bbox 0 0 1444 4606">
    <p class='ocr_par' dir='ltr' id='par_1_7' title="bbox 0 0 1444 4606">
     <span class='ocr_line' id='line_1_40' title="bbox 0 0 1444 4606; baseline 0 0"><span class='ocrx_word' id='word_1_361' title='bbox 0 0 1444 4606; x_wconf 95' lang='lat' dir='ltr'> </span> 
     </span>
    </p>
   </div>
  </div>
 </body>
</html>
