2880 4606
682 279 893 342 ..96-

227 463 304 536 quod
325 464 501 523 Schneidero
523 480 636 536 qnoque
657 463 797 523 suadente
821 465 929 536 recepi.
960 463 1095 541 θαλερῶν
1115 464 1200 524 codd.
1226 466 1300 524 dett.
1321 474 1351 526 et

227 557 293 616 edd.
306 575 405 617 omnes
422 565 540 632 praeter
551 558 701 629 Iulianum,
717 559 766 629 qui
776 559 916 616 detneri
931 575 1045 629 quoque
1059 560 1220 619 versionem
1235 568 1351 619 secutus

228 649 354 724 θαλερόν
375 668 411 710 ex
423 652 455 709 M
475 651 598 723 recepit,
619 658 648 709 et
668 657 786 723 praeter
800 652 902 723 Lehrs,
923 653 972 723 qui
992 652 1069 723 quod
1083 653 1250 713 Hermanno
1271 672 1300 727 p.
1317 661 1351 714 la

226 747 256 802 in
282 745 390 806 codicIs
410 747 585 805 Mutinensis
605 747 749 818 scriptura
774 747 866 804 latere
892 747 983 803 visum
1004 752 1063 817 ost,
1096 745 1228 822 θαλάμου
1249 749 1350 807 edidIt.

229 837 311 899 »fort
334 839 466 916 θαλερῶν
486 839 654 898 mutandum
675 840 705 896 In
725 837 892 914 cradaodv,
918 844 970 896 aut
990 837 1137 914 θαλάμων,
1162 839 1197 898 cf.
1218 849 1276 901 252
1302 848 1354 902 aut

228 932 377 1006 σταθμῶν,
397 933 431 991 cf.
453 933 573 992 Theocr.
596 932 637 989 Id.
658 932 754 990 XXIV
777 938 821 989 15.
852 930 1008 1004 Tryphiod.
1035 948 1060 989 v.
1082 939 1153 1005 339,
1178 935 1234 993 nisi
1259 936 1351 994 tutius

226 1033 271 1085 est
298 1028 430 1098 recipere
462 1027 527 1083 lect.
557 1024 625 1083 Cod.
651 1025 724 1081 Mut.
751 1021 889 1096 θαλερόν,
921 1024 976 1081 etsi
1001 1024 1047 1081 vix
1072 1026 1283 1086 substantivum
1309 1030 1353 1087 sic

226 1120 414 1178 omittendum
436 1125 528 1178 erat«
571 1116 687 1176 Graes.
709 1135 736 1189 p.
758 1123 822 1176 254.
863 1117 1022 1174 Hermanni
1046 1116 1179 1194 θαλάμου
1203 1127 1285 1180 recte
1305 1138 1351 1180 re-

225 1213 357 1284 pudiavit
379 1212 536 1271 Schneider
556 1228 583 1283 p.
605 1218 671 1269 426.
692 1212 761 1267 427ε
795 1224 878 1267 »nam
903 1215 1059 1281 penetrare
1085 1227 1176 1282 usque
1198 1213 1236 1270 ad
1256 1215 1350 1272 thala·

224 1324 301 1366 mum
321 1309 451 1366 Helenae
476 1308 560 1364 nimis
587 1304 762 1377 impudentis
789 1319 823 1360 ac
848 1304 976 1375 protervi
1002 1301 1104 1361 ruisset
1128 1305 1266 1380 bominis,
1293 1324 1350 1368 non

224 1400 347 1473 hospitir
374 1399 530 1459 verecundi
552 1406 581 1457 et
605 1398 740 1470 modesti,
770 1397 863 1468 qualis
889 1412 964 1454 nnnc
990 1397 1105 1468 quidem
1132 1399 1259 1459 debebat
1284 1418 1351 1461 esse

223 1494 321 1565 Paris,
348 1510 432 1565 quem
460 1509 514 1566 par
535 1501 599 1551 erat
623 1492 782 1549 consistere
802 1488 847 1545 έπλ
871 1487 1029 1566 προθύροις
1053 1486 1140 1547 οὐδοῦ
1166 1488 1210 1548 ἐπ’
1236 1490 1352 1552 αὐλείου

225 1587 321 1661 (Hom.
344 1587 396 1645 Od.
420 1597 445 1658 1,
462 1595 515 1645 103
527 1602 569 1657 sq.
590 1586 623 1642 II.
644 1593 688 1655 11,
704 1586 738 1642 77
751 1588 851 1655 aqut«
884 1582 1009 1658 θαλερόν
1029 1590 1125 1642 autem
1146 1602 1200 1657 pro
1220 1588 1351 1648 iuvene

225 1680 346 1750 aliquo
368 1681 474 1737 dictum
496 1679 609 1750 accepit
623 1677 780 1736 Schneider
800 1695 827 1749 p.
843 1680 907 1747 427,
928 1678 1060 1748 »qualem
1074 1678 1217 1737 Homerus
1233 1681 1351 1751 quidam

223 1774 354 1846 appellat
376 1771 499 1849 θαλερὸν
519 1770 615 1848 αι’ζηόν
636 1771 680 1827 vel
702 1768 826 1846 θαλερὸν
846 1767 944 1847 ἠίθεον
965 1771 1009 1840 (Il.
1032 1779 1059 1842 3,
1081 1777 1126 1830 26.
1150 1777 1194 1843 10,
1215 1780 1280 1831 259.
1303 1781 1351 1844 11,

221 1873 288 1926 414.
311 1875 355 1940 14,
370 1875 396 1925 4.
421 1871 465 1938 17,
480 1873 544 1925 282.
565 1873 592 1936 4,
611 1866 688 1934 474),
715 1864 767 1921 sed
788 1864 869 1920 licuit
884 1863 1026 1935 collutho,
1047 1864 1201 1934 quodiam
1222 1867 1348 1928 Alexan·

222 1961 313 2018 driuis
334 1963 428 2033 poetis
454 1960 541 2018 moris
567 1957 655 2016 fuisse
681 1957 824 2028 videmus,
849 1964 882 2014 ut
908 1973 982 2028 quae
1003 1959 1147 2016 Homerus
1173 1960 1282 2033 aliique
1301 1978 1351 2020 ve·

222 2054 360 2112 tustIores
390 2059 495 2126 poetae
525 2068 581 2110 non
607 2055 819 2122 usurpaverant
843 2050 984 2109 vocabula
1010 2051 1065 2109 nisi
1095 2048 1270 2118 ἐπιθετικῶς
1290 2052 1349 2112 ‘'ad-

221 2147 353 2218 iectoque
374 2148 561 2219 substantivo,
584 2163 619 2204 ea
639 2152 671 2203 ut
691 2146 796 2203 omisso
811 2144 990 2203 substantivo
1011 2161 1064 2216 per
1085 2162 1116 2203 se
1137 2138 1288 2219 ponerent
1300 2164 1350 2207 ca·

222 2240 287 2298 dem
314 2243 342 2299 vi
368 2249 455 2313 atque
480 2238 715 2312 significatione«
758 2238 841 2310 erod
867 2237 1025 2296 Schneider
1050 2240 1180 2310 plurimis
1208 2242 1348 2314 exemplis

220 2333 258 2391 ad
279 2334 306 2391 h.
327 2335 346 2390 I.
366 2335 530 2392 illustravit.
572 2333 679 2390 Contra
708 2331 849 2389 Tournier
873 2348 901 2403 p.
923 2338 968 2402 32,
995 2333 1043 2403 qui
1068 2348 1169 2404 parum
1195 2334 1348 2406 probabile

221 2442 285 2484 esse
305 2433 390 2498 putat
410 2442 534 2496 unquam
555 2422 681 2500 θαλερόν
705 2441 758 2496 pro
784 2421 908 2498 θαλερὸν
930 2423 1026 2501 αλζηόν
1046 2426 1155 2484 dictum
1177 2443 1256 2500 esse,
1282 2444 1346 2486 curn

223 2518 395 2576 adiectivum
422 2515 549 2589 θολερός
574 2531 663 2588 saepe
689 2516 775 2572 etiam
802 2516 867 2573 aliis
892 2525 1010 2588 praeter
1035 2515 1133 2594 αλζηός
1158 2519 1345 2578 substantivis

220 2611 351 2670 additum
371 2612 544 2684 reperiatur,
565 2611 657 2670 locum
680 2610 721 2667 sic
742 2609 950 2667 emendandum
971 2627 1035 2668 esse
1056 2611 1173 2670 suadet:

321 2712 368 2770 καὶ
388 2711 576 2789 φθονερῶν
604 2713 657 2782 (sib
681 2712 778 2783 potius
805 2727 890 2782 quam
917 2710 1034 2786 θαμινθν
1059 2714 1105 2771 νθΙ
1126 2711 1258 2789 θολερόν)
1278 2733 1342 2790 προ-

672 2803 794 2880 πάροιθε
815 2800 1050 2861 διοπτεύοντα
1071 2805 1191 2882 θυράων

321 2897 363 2965 ὡς
383 2896 449 2971 ἴδεν,
472 2895 514 2964 ὣς
533 2897 689 2970 ἐκάλεσσε,
711 2897 758 2954 καλ
778 2896 812 2962 ἐς
828 2896 922 2975 μυχὸν
942 2891 1045 2974 ἤγαγεν
1066 2895 1155 2970 οἴκου,

219 3010 324 3069 collato
350 3011 451 3068 Nonno
472 3010 557 3068 Dion.
579 3009 632 3067 XV
664 3010 718 3067 211
740 3006 809 3086 δίχα
833 3006 989 3083 φθονεροῒο
1016 3007 1156 3086 χιτῶνος,
1180 3010 1263 3069 XLII
1288 3016 1343 3070 453

216 3099 362 3180 φθονερην
387 3099 570 3179 ἐπεμέμφετο
593 3101 706 3178 μίτρην,
734 3106 764 3159 et
788 3100 873 3158 XXII
894 3107 929 3158 59
955 3097 1063 3176 dpporoc
1086 3106 1225 3179 ποιητοῖσι
1249 3102 1345 3161 διοπ-

216 3193 331 3254 τεύων
362 3193 542 3273 τρυφαλείης.
574 3229 608 3236 -
639 3192 811 3251 ὀπιπεύουσα
836 3194 868 3250 Μ
895 3199 925 3251 et
955 3193 1020 3251 edd.
1050 3195 1118 3253 inde
1149 3212 1168 3254 a
1197 3197 1344 3270 Bekkero,

346 3286 373 3314 θῶ

216 3320 409 3381 θπιπτεύσασα
425 3323 455 3394 O,
477 3318 665 3379 ὀπιπτεὺουσα
681 3321 826 3381 LNPSV
847 3324 877 3378 et
893 3320 957 3379 edd.
974 3328 1092 3395 praeter
1106 3323 1244 3395 Stephon.
1259 3323 1343 3382 Lect.

215 3418 304 3490 Port,
319 3417 369 3487 qui
383 3415 459 3487 quod
471 3416 496 3474 G
507 3432 619 3487 quoque
633 3415 722 3474 habet
736 3411 932 3472 ἐποπτεύουσα
946 3418 1132 3488 scripserunt.
1153 3412 1343 3474 ὀπιστεύουσα

214 3545 250 3618 A,
271 3507 450 3614 οιιθειιισα
471 3545 494 3614 o
517 3547 601 3613 (corr.
622 3560 658 3600 m.
679 3547 751 3616 pra
772 3575 809 3585 -
830 3540 947 3619 ορεστ
968 3543 1006 3616 n,
1032 3540 1140 3619 νημαι
1162 3544 1199 3616 o;
1224 3576 1257 3586 -
1281 3542 1344 3604 aar

215 3635 335 3696 ῶσειδεν
355 3639 395 3710 Μ,
418 3631 456 3702 ὣς
477 3634 533 3694 ἴδεν
547 3639 588 3709 Ν,
610 3656 652 3702 ως
664 3638 705 3708 Μ,
727 3633 769 3701 ὡς
788 3637 851 3694 τελλ.
872 3637 955 3696 codd.
978 3643 1007 3695 et
1028 3636 1094 3695 edd.
1116 3643 1183 3695 ante
1203 3636 1345 3710 Bekker.,

215 3733 263 3804 qui
278 3726 318 3797 ὣς
338 3732 438 3790 edidit.
454 3765 489 3772 -
504 3729 648 3789 εκάλεσσε
663 3731 704 3802 Μ,
725 3727 870 3787 ἐκάλεσσε
890 3730 955 3789 edd.
974 3730 1042 3789 inde
1057 3747 1074 3788 a
1088 3729 1240 3802 Beliker03
1261 3727 1347 3807 ἐνόη-

214 3844 264 3882 σεν
286 3827 325 3898 Q,
352 3821 455 3903 ἐνόησε
479 3827 541 3886 rell.
568 3825 650 3885 codd.
678 3831 707 3883 et
733 3825 813 3896 edd.;
841 3857 875 3865 —
898 3822 1096 3902 μυχονηγαγεν
1120 3824 1168 3896 Μ;
1193 3817 1284 3901 ἤγαγε
1306 3824 1346 3897 03

214 3914 301 3994 αὐλην
314 3918 356 3991 Μ,
376 3914 465 3997 αὐλῆς
483 3920 546 3977 rell.
568 3919 651 3979 codd.
673 3926 703 3977 et
725 3918 789 3977 edd.
811 3923 879 3976 ante
892 3906 1030 3990 BeIrker.‚
1052 3920 1101 3990 qui
1122 3912 1203 3975 οἴκου
1225 3919 1369 3991 scripsit'

215 4029 250 4070 ex
269 4013 372 4071 Nonne
392 4013 478 4073 Dion.
500 4015 543 4071 III
563 4020 619 4072 423
644 4009 718 4070 ἑλὼν
746 4010 781 4069 δέ
801 4030 848 4088 μιν
872 4011 925 4076 εἴς
946 4009 1060 4090 μυχὸν
1085 4009 1197 4084 οἴκου,
1223 3998 1347 4070 secutus
