2880 4606
658 300 891 364 -104-

214 485 260 567 Μη
280 485 347 546 τεδν
367 485 555 564 ἀκτερέὶὴτον
575 485 707 545 ὀλωλότα
726 485 828 563 νεβρὸν
848 484 949 566 ἐάσῃς,
968 487 1154 561 1111000010,
1173 485 1212 565 μή
1228 507 1270 564 με
1289 509 1341 546 κα-

212 578 390 646 τακτείνειος
404 614 434 622 -
444 577 484 657 μη
494 578 600 659 κοτέης
611 613 645 624 -
657 577 697 656 μὴ
707 577 862 659 φθονέης,ι
876 579 951 653 Ego,
962 597 1026 638 cum
1040 581 1120 638 nulla
1133 597 1223 640 causa
1236 582 1277 640 sit
1290 598 1341 640 cur

212 674 243 732 in
255 675 376 746 vulgata
389 675 534 748 scriptura
546 674 733 747 offendamus,
751 690 814 733 cam
827 674 949 745 retinni3
968 673 1002 732 M
1015 674 1090 733 libor
1108 674 1165 746 hic,
1185 681 1218 733 nt
1239 691 1339 749 saepe,

212 783 292 826 mero
306 768 468 840 scripturae
482 784 581 828 errore
597 768 720 838 laborat,
740 769 770 825 in
788 783 845 840 quo
864 766 936 824 nihil
950 767 1043 826 latero
1057 767 1192 827 arbitror.
1222 785 1269 828 vv.
1284 777 1340 829 300

213 868 308 920 -304
328 861 458 921 codicum
477 862 600 935 primum
619 861 778 934 scripturas
797 860 953 934 proferam.
972 892 1003 904 υ
1019 857 1087 918 300
1109 855 1287 937 οὐκερέωντι
1307 860 1341 919 δε

212 949 319 1010 τόσσον
329 948 500 1031 ἐπισταμενη
513 953 560 1024 Μ;
570 984 608 994 -
617 950 680 1010 301
690 950 779 1010 οἶσθα
796 948 895 1028 γαρὼς
906 953 953 1025 Μ;
964 951 1118 1019 ἀνάλκιδος
1131 947 1196 1012 ἔστι
1208 955 1245 1026 Ν,
1257 953 1341 1012 ἀνάλ·

212 1042 296 1110 κιδος
315 1041 378 1102 ἐστὶ
398 1062 434 1105 ex
453 1045 552 1118 PQW
571 1047 676 1106 notavi.
697 1078 734 1088 —
753 1044 820 1104 303
841 1045 868 1102 εἰ
885 1049 960 1103 τοῖαι
979 1047 1012 1105 Μ
1032 1053 1063 1106 et
1081 1047 1185 1118 Lehrs,
1209 1045 1245 1104 od
1265 1051 1339 1105 τοῖαι

211 1139 276 1199 roll.
297 1138 380 1198 codd.
407 1145 437 1197 et
462 1138 542 1210 edd.;
569 1136 686 1216 γεγάσιν
706 1156 743 1197 m.
764 1157 807 1212 pr.
828 1141 859 1197 10
879 1141 917 1213 0;
943 1141 1113 1217 ενοργείοισι
1131 1141 1180 1214 Μ;
1207 1158 1252 1199 vv.
1274 1148 1338 1201 303.

193 1264 270 1325 ’304
294 1282 349 1325 om.
372 1266 410 1338 Q;
435 1299 465 1307 -
489 1263 552 1325 303
580 1264 789 1341 ἀκιδνοτέροισι
810 1266 848 1334 (λ,
875 1230 1103 1344 ἀκιδρνοτέραισιν
1122 1270 1162 1340 Ρ;
1187 1267 1340 1345 ἀεξόμεναι

212 1359 374 1432 ANPRS‚
395 1365 426 1417 et
439 1359 478 1418 W
490 1377 554 1419 cum
573 1363 757 1435 corruptelae
777 1362 869 1434 signo,
888 1357 1042 1437 αὐξόμεναι
1054 1362 1095 1434 0;
1115 1394 1152 1404 -
1172 1361 1241 1422 304
1261 1359 1341 1429 εἶδος

212 1451 296 1510 codd.
322 1460 352 1510 et
377 1452 441 1511 edd.
468 1470 579 1525 omnes,
608 1448 682 1533 ἦθος
707 1455 780 1514 0001.
802 1453 969 1515 Schneider.
1008 1474 1111 1534 εχοοσι
1130 1454 1220 1521 νοθος
1240 1454 1275 1514 δε
1295 1455 1340 1533 γε’-

213 1564 294 1602 νοντο
321 1565 462 1621 γοναικων
487 1548 529 1604 Μ.
569 1548 614 1607 De
640 1567 666 1606 v.
687 1557 743 1608 300
768 1549 841 1606 haec
864 1547 998 1621 Lennep:
1031 1549 1131 1607 »Haec
1154 1550 1220 1608 loco
1245 1551 1338 1609 minus

213 1639 361 1699 commodo
385 1642 526 1700 collocata
553 1641 695 1700 videntur,
736 1641 940 1699 Postremum
961 1648 1031 1715 288,
1057 1642 1107 1700 ubi
1131 1643 1175 1700 rei
1201 1649 1339 1702 narratae

210 1732 295 1792 finem
315 1733 444 1806 imponit,
465 1736 573 1807 optime
592 1752 656 1794 meo
676 1734 784 1794 iudicio
804 1736 939 1794 collocari
959 1744 1079 1809 possent
1097 1737 1152 1796 hoc
1172 1736 1273 1796 modo:

359 1838 406 1901 Ἦν
422 1842 534 1921 Ἑλένην
554 1843 693 1919 ἐνέπουσι,
714 1843 882 1924 κασιγνήτην
898 1841 1078 1926 Ἀφροδίτης·

360 1929 410 2000 ’Ha
430 1933 529 1995 ἕνεκεν
550 1937 672 2016 τέτληκα
693 1937 742 1995 καὶ
761 1935 882 2014 οἴδματα
902 1938 996 1996 τόσσα
1015 1941 1145 2019 περῆσαι.

369 2028 427 2088 Oda
447 2028 538 2108 ἐρέω·
559 2032 592 2089 τί
605 2031 639 2090 δὲ
659 2031 765 2090 τόσσον
786 2028 974 2109 ἐπισταμένην
994 2051 1029 2090 σε
1049 2031 1172 2106 διδάξω;

366 2124 458 2203 Δεῦρο
479 2125 568 2204 γάμον
588 2124 770 2204 κεράσωμεν,
792 2122 854 2183 ἐπεὶ
873 2123 1018 2202 Κυθέρεια
1038 2122 1158 2184 κελεύει.

210 2236 245 2294 In
263 2237 307 2297 his
339 2239 435 2297 verbis
460 2240 599 2297 transitus
622 2256 679 2298 non
705 2239 863 2311 inelegans.
903 2237 963 2296 Imo
988 2237 1031 2295 sio
1055 2238 1146 2298 multo
1171 2241 1274 2299 melius
1294 2241 1337 2300 in·

210 2331 304 2402 telligi
324 2333 441 2404 poterit,
464 2332 533 2404 quid
553 2348 639 2390 versu
660 2338 716 2391 202
736 2328 824 2388 οἶσθα
845 2330 909 2408 γὰρ,
930 2329 973 2396 όνς
992 2328 1139 2397 Μενέλαος
1159 2332 1186 2390 ἀ.
1202 2329 1227 2391 ἐ.
1243 2354 1269 2410 γ.
1289 2351 1336 2395 vo·

210 2424 311 2481 luerit:
345 2425 496 2497 praecedit
528 2425 615 2482 enim:
654 2421 700 2501 Μη’
724 2444 763 2500 με
788 2420 1024 2502 καταισχύνειας,
1053 2421 1123 2502 ἐμὴν
1153 2425 1203 2484 καὶ
1233 2425 1335 2504 Κύπριν

211 2513 339 2595 ἐλέγξης.
379 2517 460 2589 Quae
480 2517 509 2574 si
528 2517 752 2590 coniungantur,
774 2518 892 2590 elegans
912 2517 1027 2576 Paridis
1048 2525 1078 2576 et
1097 2518 1227 2579 Menelai
1247 2537 1336 2595 oppo-

211 2611 278 2670 sitio
299 2611 368 2682 erit3
388 2627 445 2682 quo
465 2610 535 2668 nihil
549 2627 619 2669 sane
635 2610 706 2670 facit
719 2612 767 2670 hic
779 2619 878 2671 noster
898 2613 1083 2671 versiculus«
1114 2612 1209 2672 101100
1227 2631 1258 2688 p.
1282 2622 1335 2675 138

211 2720 247 2763 ex
275 2701 382 2760 τόσσον
410 2701 595 2782 ἐπισταμένην
624 2705 696 2763 mire
727 2705 899 2765 concludens
930 2705 1066 2764 Paridem
1095 2707 1153 2766 iam
1178 2707 1216 2766 dc
1245 2709 1337 2782 pluri·

210 2799 265 2857 mis
284 2799 412 2858 Menelai
442 2801 517 2858 vitiis
542 2800 669 2863 locutum
691 2816 770 2872 esse,
797 2807 827 2859 et
846 2799 894 2859 ‘va
916 2807 1080 2861 302—304
1105 2801 1190 2859 nimis
1211 2801 1335 2874 abrupto

210 2893 341 2952 Helenae
360 2893 461 2952 laudes
485 2891 585 2950 inferri
603 2899 693 2962 ratus,
713 2894 882 2953 lacunosum
903 2910 967 2952 esse
986 2895 1080 2953 locum
1101 2894 1182 2952 dixit.
1212 2893 1336 2952 Videtur

211 3004 281 3059 ergo
301 2995 368 3061 post
387 3005 412 3045 v.
435 2995 490 3046 200
515 2993 545 3046 00
562 2994 631 3060 post
650 3005 677 3044 v.
692 2995 746 3046 301
768 2988 900 3046 lacunam
921 2989 1067 3047 statuisse.
1090 3021 1124 3029 -
1148 2986 1278 3047 »Vereor
1300 3003 1338 3046 ne

209 3080 291 3152 prius
310 3081 384 3139 illud
404 3082 536 3158 γυναῖκες
560 3081 599 3152 [v.
615 3084 682 3153 302]
703 3097 759 3138 00.
774 3087 830 3139 302
852 3081 939 3150 [0000
954 3098 979 3138 v.
994 3083 1062 3153 304]
1082 3080 1157 3137 male
1171 3079 1230 3140 huc
1244 3086 1336 3138 mans·

210 3173 301 3231 latum
320 3172 367 3231 sit.
398 3173 558 3232 Praeterea
578 3179 656 3232 totus
676 3173 764 3245 locus,
786 3172 824 3230 de
840 3172 1008 3231 mulieribus
1023 3173 1127 3246 dictus,
1148 3174 1247 3233 multis
1262 3173 1336 3232 didi·

210 3267 368 3326 cultatibus
387 3268 538 3341 premitur.
578 3267 684 3350 Nullae
705 3273 811 3338 essent,
832 3266 857 3324 si
877 3265 920 3324 ita
938 3267 1099 3338 legeretur:

364 3375 417 3436 οὐκ
438 3376 524 3456 ἐρέω,
545 3381 590 3450 (τί
604 3378 638 3437 δὲ
659 3378 766 3436 τόσσσν
785 3375 972 3455 ἐπισταμένην
992 3376 1028 3436 σέ
1048 3375 1171 3449 διδάξω;
1253 3430 1262 3435 .

364 3470 453 3531 οἶσθα
473 3473 554 3551 γάρ’)
576 3471 618 3538 ὡς
638 3471 786 3537 Μενέλαος
805 3470 959 3537 ἀνάλκιδός
980 3467 1043 3529 ἐστι
1064 3468 1209 3548 γενέθλης,

363 3563 439 3626 οὔθ’
464 3566 518 3624 οἷοι
538 3567 673 3644 γεγάασιν
694 3563 725 3623 ἐν
743 3562 903 3643 Ἀργείοισιν
924 3562 1091 3631 ἄνακτες·

364 3660 489 3738 καὶγὰρ
510 3658 734 3736 ἀκιδνοτέροισιν
755 3657 919 3734 ἀεξόμεναι
936 3658 1098 3735 μελέεσσιν,

363 3756 477 3834 ἀνδρῶν
496 3753 577 3820 εἶδος
595 3750 708 3833 ἔχουσι,
729 3752 811 3811 νόθοι
831 3750 858 3810 δ’
882 3750 1016 3831 ἐγένοντο
1037 3755 1176 3828 γυναῖκες.

210 3870 374 3929 cohaerent
393 3871 451 3927 iam
470 3867 555 3925 haec:
576 3862 631 3922 οὐκ
651 3861 737 3941 ἐρέω,
759 3861 802 3928 ὡς
822 3863 889 3921 Man.
912 3871 941 3922 et
961 3858 1021 3920 ούτ’
1046 3860 1134 3941 ἐρέω,
1156 3862 1210 3920 οἷοι
1231 3863 1338 3940 γεγάα·

209 3982 254 4021 σιν
278 3961 310 4022 ἐν
334 3958 401 4039 Ἀργ.
427 3961 561 4027 ἄνακτες.
601 3961 768 4019 Lectionem
794 3958 856 4018 cod.
877 3959 919 4017 M.
949 3957 981 4014 εἰ
999 3961 1072 4015 τοῖαι
1097 3959 1122 4016 01
1148 3958 1212 4030 quis
1232 3946 1340 4031 00800,

208 4065 326 4132 praesto
346 4051 364 4134 ἢ
384 4060 459 4114 ποῖοι
479 4075 505 4114 v.
525 4050 542 4133 ἢ
563 4053 617 4112 οἷοι
638 4054 740 4114 eodem
754 4052 816 4112 fere
836 4069 931 4112 sensu.
963 4052 1012 4111 Sic
1032 4060 1102 4125 apta
1122 4058 1188 4110 sunt
1208 4053 1338 4112 omnia«
1355 4111 1358 4115 .
