2880 4606
681 325 892 388 „90-

220 562 304 641 ἀηται
316 563 358 636 Μ,
379 526 469 640 dipsa?
478 563 523 633 W,
538 559 638 639 ἀῆταις
651 562 685 630 G,
698 562 770 619 Pm.
782 569 799 620 a
811 561 840 618 in
852 576 953 634 marg,
968 560 1033 634 SV,
1049 560 1115 620 edd.
1129 565 1197 620 ante
1206 561 1350 637 Lennep,

220 654 304 733 ἀῆται
319 671 335 713 e
349 655 411 713 rell.
427 653 510 714 codd.
524 654 637 727 recepit
650 652 779 726 Lcnnep,
793 654 843 724 qui
853 652 949 712 addit:
966 653 1167 725 »Dauoqueius
1178 654 1290 728 duplici
1301 657 1348 716 via

196 765 389 809 *succurrere
415 755 534 808 conatus
562 753 619 820 est,
645 748 690 806 vel
713 747 837 819 legendo
858 743 1070 818 ἐπαντέλλοιεν,
1097 748 1143 806 vel
1167 744 1347 807 ἐπιθολέοιεν

220 839 348 919 ἐθείρας.
375 843 460 900 Prius
487 842 549 899 sine
575 841 662 900 dubio
683 838 935 914 praeferendum«
971 840 1017 899 De
1042 840 1087 898 his
1113 840 1245 900 versibus
1275 842 1349 902 haec

222 938 333 996 somnia
357 935 480 1009 protulit
506 932 636 994 Graetius
662 951 690 1006 p.
713 941 777 992 251.
805 941 875 992 252:
906 951 967 993 arv.
995 940 1060 992 233.
1086 941 1142 993 234
1163 934 1266 993 eadem
1286 933 1348 994 lere

223 1027 392 1088 difficultate
413 1029 586 1101 laboramus,
608 1045 665 1099 qua
685 1046 711 1088 v.
726 1035 753 1086 5.
782 1028 858 1086 Nam
879 1027 950 1088 (lod.
970 1028 1012 1086 M.
1032 1027 1117 1088 offert
1137 1026 1348 1102 ἀναστέλλοιεν,

223 1123 327 1194 reliqui
347 1123 378 1179 in
397 1117 596 1178 έπαντέλλοιεν
621 1121 800 1180 conveniunt.
842 1120 924 1180 Haeo
945 1127 990 1179 est
1010 1137 1120 1180 summa
1140 1121 1350 1195 discrepantia,

222 1215 299 1273 unde
320 1216 433 1286 reliqua
446 1214 539 1286 magis
556 1215 685 1295 minusve
705 1213 841 1286 pendent.
873 1213 1034 1272 Praeterea
1048 1215 1103 1272 vim
1116 1214 1206 1272 habat
1225 1215 1350 1288 probum

220 1310 292 1367 illud
314 1306 467 1384 κυνέηθεν,
494 1313 524 1366 et
544 1324 579 1365 ox
600 1308 693 1365 altera
713 1312 797 1379 pa'rte
820 1304 959 1385 κυνέρσιν,
979 1307 1010 1364 id
1031 1307 1147 1380 quidem
1168 1313 1271 1381 aperte
1291 1324 1349 1366 non

223 1419 333 1476 sanum,
354 1403 406 1461 sed
427 1403 519 1462 bonae
535 1408 565 1459 et
577 1400 644 1459 fort.
666 1401 857 1474 discrepantis
872 1401 1005 1460 lectionis
1020 1400 1174 1473 vestigium
1189 1401 1348 1460 continens.

219 1499 321 1556 Plures
348 1503 503 1571 praeterea
530 1495 748 1554 terminationes
769 1511 846 1553 voco.
872 1495 976 1552 leviter
1001 1495 1109 1553 variari
1133 1495 1348 1567 praetermitto.

222 1593 283 1650 Iam
302 1592 382 1650 locus
403 1593 444 1650 ita
461 1597 506 1649 est
519 1595 715 1663 comparatus,
736 1596 768 1647 ut
782 1588 884 1647 cadem
900 1588 1051 1658 sententia,
1073 1587 1176 1646 iisdem
1190 1588 1350 1661 vocabulis,

221 1685 322 1743 eadem
343 1690 373 1742 et
394 1685 540 1756 elegantia
561 1688 591 1741 et
610 1682 816 1755 probabilitate
837 1682 968 1754 pluribus
988 1681 1080 1741 modis
1107 1682 1215 1740 variari
1240 1682 1344 1755 possit,

220 1778 317 1851 prouti
338 1779 398 1836 sive
419 1777 496 1835 verb.
519 1772 694 1848 ἐπαντέλλοι,
716 1776 776 1834 sive
798 1773 965 1831 ἀναστέλλειν
985 1775 1159 1848 praefertur.
1189 1774 1237 1834 Ita
1258 1777 1351 1834 evul-

220 1877 290 1943 gata
311 1871 376 1928 elici
395 1875 506 1943 potest:

371 1978 411 2058 μὴ
431 1979 596 2056 πλόκαμοι,
619 1978 756 2057 κυνέαθεν
778 1976 1034 2056 ὑποβρύσαντες,
1055 1976 1205 2055 ἐθείρας,

375 2071 510 2150 ὀξύτερον
531 2069 714 2146 σπεύδοντος,
735 2069 933 2130 ἐπαντέλλοιεν
953 2071 1088 2148 aaran.

218 2201 259 2243 ne
281 2183 438 2242 cincinni
458 2185 520 2242 sub
546 2185 654 2256 galea
673 2184 968 2256 propullulantes
994 2184 1112 2242 ventis
1134 2192 1349 2258 appareant.

218 2279 286 2337 Vel·
370 2368 411 2448 μὴ
431 2370 584 2446 πλοκάμων
606 2368 757 2446 ξανθῇσιν
776 2365 991 2447 ἐπιβρίσαντες
1011 2367 1171 2446 ἐθείραις,

373 2459 508 2538 ὀξύτερον
528 2460 709 2535 σπεύδοντος,
730 2459 927 2520 ἐπαντέλλοτεν
949 2462 1041 2541 ἀῆται.

217 2588 260 2630 nc
280 2573 401 2661 venti,
420 2570 530 2630 flavis
555 2573 766 2646 ingruentes
788 2573 910 2645 comis,
937 2579 1095 2646 surgant.
1135 2575 1238 2635 Altera
1259 2577 1347 2637 lectio

219 2665 298 2724 ducit
318 2666 355 2724 ad
375 2667 448 2724 haee
467 2664 542 2725 fere:

370 2773 409 2853 μὴ
429 2773 612 2851 πλοκάμους
632 2772 771 2852 κυνέηθεν
791 2771 1063 2850 ὑποβράσαντας
1082 2772 1224 2855 ἐθεζοης,

373 2866 509 2945 ὀξύτερον
530 2865 712 2942 σπεύδοντας,
733 2865 934 2926 ἀναστέλλοιεν
954 2867 1047 2946 ἀῆται.

218 2997 260 3041 ne
281 2981 469 3039 cincinnos
489 2980 549 3038 sub
565 2981 670 3053 galea
684 2979 989 3052 propellulantes,
1012 2979 1221 3041 distrahant
1240 2983 1344 3041 venti.

217 3073 284 3132 Vel.
375 3163 415 3244 μὴ
435 3164 626 3242 πλοκάμους,
649 3163 802 3243 ξανθῇσιν
821 3162 1035 3242 ἐπιβρίσαντες
1054 3149 1213 3242 ἐθείραις,

374 3257 510 3336 ὀξύτερον
531 3255 713 3331 σπεύδοντος,
734 3256 935 3316 ἀναστέλλοιεν
955 3246 1049 3337 άῆται.

218 3387 261 3431 ne
282 3371 469 3429 cincinnos
489 3371 587 3428 venti
611 3369 830 3440 distrahant,
857 3368 964 3428 flavis
991 3370 1205 3441 ingruentes
1227 3375 1345 3432 comis.

294 3464 335 3522 nt
355 3469 388 3521 ut
408 3466 437 3521 in
458 3464 507 3523 illo
528 3461 659 3541 κυνέῃσιν
680 3463 768 3521 alibi
795 3469 824 3522 ct
844 3464 880 3522 de
902 3461 1087 3522 κυάνοισιν
1114 3461 1244 3541 ἐθείραις
1269 3469 1347 3540 cogi-

216 3559 274 3616 tari
294 3564 412 3630 posset,
437 3559 479 3616 ita
499 3557 622 3615 fortasse
643 3557 690 3615 hic
709 3557 804 3615 rarius
825 3558 924 3617 vocab.
946 3555 1099 3634 ξυνοχῇσιν
1119 3555 1195 3617 infra
1214 3575 1240 3617 v.
1262 3557 1346 3622 264f.

222 3650 355 3709 similiter
375 3656 555 3722 usurpatum,
577 3652 706 3723 exsculpi
725 3657 823 3724 potest
842 3651 897 3711 hoc
916 3652 1014 3712 modo:

369 3757 409 3837 μὴ
428 3758 597 3835 πλοκάμων
618 3757 813 3840 ξυνοχῇσιν
833 3759 1032 3838 ἐπιβρίσαντες
1052 3761 1154 3840 οἱῆται

373 3850 512 3928 ὀξύτερον
533 3851 710 3919 σπεύδοντος
731 3850 931 3913 ἀναστέλλοιεν
950 3853 1107 3932 ἐθείρας.

218 3981 260 4022 no
275 3967 520 4026 cincinnorum
534 3967 718 4025 iuncturis
731 3967 942 4041 ingruentes
956 3969 1067 4041 venti,
1082 3984 1197 4028 comas
1212 3968 1349 4029 distra-

216 4059 312 4120 hant.
343 4059 369 4118 E
391 4059 493 4130 quibus
516 4060 657 4133 omnibus,
679 4061 742 4132 quis
764 4061 850 4135 dicat,
871 4061 941 4132 quid
956 4063 1039 4121 unice
1053 4069 1164 4122 certum
1184 4063 1237 4136 sit3
1257 4080 1349 4124 unum
