2880 4606
608 345 643 355 -
696 280 751 370 11'1
800 345 842 356 -

161 493 272 567 Steph,
292 494 424 553 Lectium
447 497 477 552 et
496 493 630 566 Portum,
656 494 705 566 qui
726 495 866 565 Brodaei,
888 496 1044 571 Anonymi,
1064 497 1283 573 Falhenburgii,

159 587 289 648 Neandri
309 589 351 659 (in
364 592 468 660 marg.)
482 588 608 647 etUbeli
623 590 816 647 coniecturam
840 586 959 665 δήθυνεν
981 584 1120 666 Ἐϋρώταυ
1139 589 1206 669 παρ’
1232 590 1282 673 ὄχ-

159 681 226 747 θαις
250 687 434 754 receperunt.
475 680 658 751 Dausqueius
682 678 788 758 δήθυνε
811 677 875 737 ποτ’
905 679 1044 757 Εὐρώταο
1068 681 1138 759 παρ’
1167 681 1282 764 ὄχθαις,

160 775 279 848 Lennep
304 775 446 848 probante
472 774 606 832 Harlesio
632 774 733 832 melius
759 771 864 852 δήθυνε
891 771 958 852 παρ’
983 772 1122 852 Εὐρώταο
1144 775 1284 856 ῥεέθροις

161 868 292 926 coniecit.
332 866 364 924 M
384 866 451 924 libri
475 865 629 924 lectionem
654 873 828 939 receperunt
851 867 969 927 Bekker
994 873 1024 927 et
1049 869 1151 927 Iulien.
1190 872 1283 930 Lehrs

144 961 355 1035 ,flemennum
368 977 396 1032 p.
413 967 447 1018 21
464 964 580 1017 secutus
594 976 647 1032 pro
669 956 713 1016 ὑπ’
737 956 783 1016 ἐπ’
809 961 911 1034 edidit,
934 963 1014 1021 »eius
1029 968 1059 1021 et
1074 962 1145 1040 ὑπὲρ
1160 969 1190 1021 et
1204 963 1284 1039 παρὰ

159 1055 314 1128 explicatio
340 1058 392 1111 est.
432 1053 495 1111 Nec
518 1051 650 1124 profecto
676 1059 744 1125 apte
765 1053 822 1111 diei
847 1056 942 1126 potuit
967 1056 1019 1114 sub
1046 1057 1130 1114 undis
1154 1057 1283 1116 Eurotae

159 1149 268 1208 morari
287 1147 426 1206 Helena«
462 1147 575 1205 Herm.
605 1147 743 1206 Probavit
762 1149 816 1206 hoc
839 1148 998 1207 Schneider
1017 1167 1045 1223 p.
1067 1157 1123 1210 446
1145 1157 1174 1210 et
1194 1151 1285 1209 Tour-

158 1242 223 1299 nier
242 1258 272 1314 p.
295 1247 346 1312 42,
372 1241 420 1312 qui
444 1246 598 1313 praeterea
618 1239 752 1317 οἰχομένη
777 1237 898 1318 δήθυνεν
923 1243 1046 1300 coniecit
1069 1243 1174 1302 collato
1196 1262 1221 1301 v.
1248 1246 1284 1303 27

155 1329 302 1411 ἐρχομένη
316 1330 436 1412 δήθυνεν
451 1329 484 1397 ἐς
500 1329 592 1390 lilaea
607 1329 787 1409 Κενταύροιο.
808 1366 843 1373 -
864 1332 928 1392 242
946 1337 1011 1390 τοῖο
1024 1332 1057 1391 δε
1070 1336 1111 1408 Μ,
1133 1335 1230 1393 τοιάδε
1245 1337 1284 1409 Q;

155 1421 241 1484 ἔνεπε
256 1426 296 1498 Q;
319 1457 351 1467 -
375 1424 435 1483 343
456 1424 532 1483 υῐδεν
548 1426 589 1498 Μ,
610 1422 686 1482 οἶδεν
707 1427 889 1498 AOLNQR
910 1434 940 1486 et
961 1428 1026 1486 edd.
1048 1429 1115 1487 inde
1136 1446 1154 1488 a
1174 1430 1284 1504 Steph,

156 1515 233 1576 εἶδεν
253 1518 392 1592 PSVW,
413 1518 478 1576 hid,
499 1537 531 1590 n,
554 1552 586 1560 -
609 1538 679 1594 ορος
698 1518 739 1590 Μ,
761 1516 831 1594 ὄρος
851 1521 915 1577 rell.
937 1520 1019 1579 codd.
1042 1527 1071 1579 et
1092 1522 1174 1596 edd.‚
1192 1522 1284 1601 χόρον

157 1613 230 1671 coni.
259 1611 418 1671 Schneider
441 1631 470 1685 p.
492 1618 564 1684 446,
591 1613 659 1683 quia
685 1613 747 1671 »his
773 1613 868 1671 verbis
893 1614 1049 1674 Hermione
1073 1614 1183 1675 refutat
1208 1617 1285 1689 quod

154 1721 260 1764 servae
281 1706 447 1778 suspicatae
468 1712 559 1777 erant,
581 1706 687 1764 morari
702 1706 842 1764 Helenam
862 1707 938 1778 quod
953 1708 990 1765 ad
1005 1709 1155 1767 mulierum
1171 1716 1283 1770 coetum

158 1814 245 1870 quum
265 1799 402 1871 venisset,
422 1815 441 1856 a
460 1800 507 1856 via
527 1799 666 1857 aberrans
687 1800 723 1857 ad
744 1806 859 1873 pratum
880 1807 931 1859 aut
951 1802 1091 1861 Eurotam
1112 1802 1218 1862 flumen
1238 1821 1287 1863 re·

158 1894 266 1962 nisset,
290 1892 387 1964 ibique
411 1892 563 1951 resisteret
586 1893 697 1950 incerta
717 1894 837 1950 viarum.
878 1910 934 1966 qua
954 1896 984 1951 in
1004 1912 1036 1954 re
1056 1897 1190 1954 iniuriam
1211 1898 1285 1956 Her·

162 1986 258 2044 mione
278 1985 389 2045 faceret
408 1985 590 2058 mulieribus,
616 1987 640 2044 si
661 1988 720 2044 alia
745 1989 907 2045 nominaret
927 1989 992 2047 loca
1012 1995 1100 2060 atque
1123 2006 1197 2060 quae
1217 1991 1284 2050 illae

161 2079 302 2138 dixerant.
334 2080 414 2151 atqui
434 2078 578 2139 fecithoc
598 2076 668 2156 όρυς
686 2096 856 2152 memorans,
877 2080 958 2138 cuius
977 2082 1006 2139 in
1026 2082 1140 2139 illarum
1154 2085 1284 2143 oratione

160 2189 217 2231 non
236 2171 316 2231 facta
336 2177 400 2230 erat
419 2172 535 2229 mentio.
574 2187 641 2229 nam
662 2187 697 2228 ea
717 2187 786 2229 voce
807 2170 963 2242 significari
985 2172 1119 2248 νυμφάων
1139 2171 1284 2251 ὁμήγυριν,

153 2266 256 2334 cuius,
283 2270 315 2324 ut
334 2281 410 2323 nnnc
428 2281 476 2322 res
498 2271 556 2336 est,
581 2266 611 2322 in
636 2264 837 2337 respondendo
865 2266 1006 2324 rationem
1027 2282 1083 2324 non
1103 2266 1192 2325 habet
1211 2268 1285 2326 Her·

157 2361 266 2434 mione,
286 2377 369 2420 nemo
390 2359 474 2418 facile
496 2360 610 2418 dixerit.
644 2360 742 2431 itaque
763 2375 849 2430 quum
870 2357 940 2434 όρυς
953 2361 1046 2417 locum
1060 2361 1136 2418 tueri
1150 2368 1284 2435 nequeat,

163 2450 299 2531 ὁμήγυρις
319 2460 415 2512 autern
436 2454 564 2526 postulet
577 2453 654 2525 qnod
668 2452 724 2511 sibi
743 2451 929 2524 respondeat,
952 2451 1114 2511 Colluthum
1135 2455 1285 2527 scripsisse

156 2548 293 2620 suspicor
313 2543 373 2602 οἶδε
390 2545 516 2624 χορόν,
538 2547 672 2620 ποταμῶν
692 2543 765 2621 ἐδάη
776 2543 857 2623 ῥόον,
878 2550 911 2602 ut
929 2544 1023 2622 χορός
1036 2545 1178 2619 significet
1191 2549 1285 2608 locum

152 2640 272 2699 choreis
294 2639 478 2697 destinatum.
518 2655 585 2696 nam
610 2637 745 2715 όμήγυρις
768 2639 825 2696 ista
850 2638 1001 2695 mulierum
1026 2655 1168 2710 quaenam
1193 2644 1286 2714 possit

157 2749 228 2791 esse
248 2733 304 2791 nisi
325 2724 564 2806 congregatarum
585 2732 622 2790 ad
643 2731 728 2789 deum
745 2732 869 2802 aliquem
890 2730 1031 2788 choreis
1052 2732 1285 2792 celebrandum«

154 2825 359 2886 'Schneider
387 2844 415 2901 p.
437 2834 501 2886 446.
542 2825 688 2884 Audacius
710 2825 852 2885 Tournier
875 2842 903 2897 p.
924 2829 970 2885 42.
993 2830 1029 2884 43
1055 2821 1117 2882 οἶδε
1138 2824 1210 2902 ῥόον
1237 2847 1286 2884 πο-

159 2918 251 2988 ταμοῦ
272 2918 321 2975 καὶ
339 2917 472 2997 ὁμήγυριν
492 2920 629 2990 coniecit3
651 2917 712 2976 οἶδὲ
731 2919 773 2991 Μ,
794 2913 856 2973 οἶδε
875 2916 1025 2991 AGLNQ
1046 2925 1076 2978 et
1096 2919 1162 2977 edd.
1182 2920 1249 2978 inde
1270 2938 1288 2980 a

151 3015 267 3089 ‚Steph.,
288 3012 364 3073 οἶδεν
377 3016 413 3088 R,
433 3011 494 3072 eide
512 3016 650 3088 PSVW,
670 3016 737 3074 Ald.
751 3033 783 3087 ιι,
799 3047 836 3057 -
849 3014 913 3073 344
926 3011 960 3080 ἐς
970 3013 1060 3090 ῥόδον
1078 3013 1161 3073 codd.
1178 3021 1207 3073 et
1221 3014 1287 3074 edd,

153 3124 268 3166 omnes.
298 3109 418 3183 Lennep
439 3109 606 3168 dubitanter
625 3105 658 3174 ἐς
678 3106 784 3184 δρόμον
806 3109 930 3167 coniecit
948 3108 1053 3167 collato
1067 3106 1223 3166 Theocrito
1243 3109 1308 3167 Id.-

159 3203 257 3261 XVIII
276 3221 301 3261 v.
318 3198 465 3280 39Ἅμμες
485 3200 511 3260 δ’
536 3202 570 3268 ἐς
583 3201 689 3279 δρόμον
702 3197 748 3280 ήρι
763 3201 812 3258 καὶ
824 3198 860 3266 ἐς
874 3197 1007 3276 λειμώνια
1027 3197 1289 3277 φόλλαἝρψοῦμες

160 3293 315 3373 στεφάνως
339 3294 527 3373 δρερεὑμενυι
547 3293 600 3353 ἁδὺ
620 3294 772 3367 πνέοντος;
798 3292 905 3370 δρόμον
930 3299 1027 3351 autem
1047 3292 1174 3350 stadium
1195 3310 1287 3368 prope

161 3388 199 3446 ad
212 3387 340 3447 Menelai
353 3391 463 3461 regiam
479 3395 654 3448 exstructum
677 3405 741 3447 esse
761 3388 860 3458 voluit,
882 3386 933 3444 cir.
955 3387 993 3444 ad
1006 3404 1031 3444 v.
1048 3393 1103 3445 243
1119 3403 1164 3458 vg.
1197 3387 1288 3445 Grae-

162 3479 216 3539 fius
235 3498 264 3555 p.
285 3489 340 3541 255
361 3478 398 3546 ἐς
417 3481 523 3559 δρόσον
543 3483 645 3540 maluit
665 3482 777 3540 collatis
798 3498 842 3538 vv.
866 3487 931 3539 338.
954 3486 1018 3537 339.
1054 3479 1150 3536 Etiam
1172 3480 1288 3538 Schnei-

162 3574 216 3632 der
235 3591 263 3650 p.
279 3581 334 3634 446
356 3592 391 3633 ex
411 3576 446 3633 iis
462 3592 536 3647 quae
552 3575 590 3632 ad
610 3575 789 3650 superiorem
810 3589 923 3631 versum
944 3572 1058 3630 dixerat
1077 3570 1232 3646 profectus
1253 3569 1289 3638 ἐς

161 3666 250 3745 ῥόδον
267 3669 296 3726 in
311 3670 503 3744 suspicionem
518 3669 644 3740 vocavit3
667 3667 761 3740 »quod
782 3683 845 3727 oum
866 3666 944 3740 prati
964 3666 1108 3724 mentione
1128 3668 1289 3726 arctissime

164 3763 393 3834 coniungendam
414 3779 478 3821 esse
492 3768 574 3839 patet
587 3763 638 3834 ita,
659 3767 692 3819 ut
708 3778 759 3836 pro
773 3777 831 3817 una
844 3765 997 3830 utrumque
1011 3760 1049 3816 sit
1062 3759 1188 3817 notione.
1213 3760 1290 3832 quod

165 3871 250 3914 secus
283 3873 358 3914 nunc
383 3861 434 3914 est.
475 3873 540 3914 nam
565 3856 590 3914 si
616 3856 678 3927 quis
709 3855 817 3913 obiciat
841 3860 956 3929 poetam
980 3852 1073 3925 figura
1097 3870 1179 3910 usum
1204 3870 1290 3925 quam

163 3948 263 4007 dicunt
284 3945 314 4006 ἓν
335 3947 383 4006 διὰ
401 3949 488 4022 δυοῖν,
510 3949 587 4007 istud
601 3950 734 4025 posuisse
749 3965 802 4023 pro
822 3945 858 4013 ἐς
874 3945 1018 4025 ῥοδόεντα
1039 3946 1170 4022 λειμῶνα,
1192 3950 1218 4007 ei
1239 3950 1290 4008 do-

156 4041 283 4100 cendum
303 4042 372 4114 erit,
400 4043 475 4115 quod
501 4059 603 4101 vereor
628 4059 664 4100 ne
691 4042 788 4101 doceri
809 4048 949 4113 nequeat,
976 4043 1005 4098 in
1026 4058 1063 4100 ea
1082 4040 1175 4114 figura
1196 4043 1290 4100 careri
