2880 4606
614 335 826 397 ..49-

160 538 236 581 nunc
256 524 285 578 in
305 521 446 593 Koechlyi
473 520 599 580 editione
619 526 708 590 recte,
729 526 762 578 ut
782 519 905 590 videtur,
926 518 1031 576 divulsi
1050 518 1125 575 alius
1145 517 1202 576 alio
1223 517 1286 576 loco

156 619 300 689 leguntur.
346 615 511 674 Hermanno
543 620 639 673 tamen
672 632 700 687 p.
729 622 773 674 12.
806 621 841 672 13
873 613 1012 672 Wernilre
1040 613 1095 670 hoc
1129 611 1193 683 ipso
1222 611 1287 668 loco

163 715 329 782 comparato
350 725 444 782 paene
463 709 598 781 probavit
616 710 748 767 mutilum
770 725 834 766 esse
849 708 975 766 colluthi
995 710 1106 764 textum
1126 705 1287 776 vulgatum,

157 810 314 877 praeterea
341 804 387 859 »in
416 803 478 862 cod.
499 803 573 861 Mut.
595 803 672 875 quod
697 805 818 875 legitur,
846 801 894 858 καὶ
914 797 1017 877 πτερὸν
1039 798 1205 872 ῑόυνθέντα,
1231 798 1287 858 etsi

158 896 251 955 videri
271 899 370 969 potest
391 911 427 952 ex
446 893 495 969 καὶ
515 894 619 974 περόνη
640 893 764 952 θυόεντα
785 901 952 969 corruptum
975 910 1052 966 esse,
1078 899 1175 952 tamen
1200 899 1232 951 ut
1256 892 1287 949 iu

156 989 236 1060 loco,
262 989 292 1046 in
313 1004 368 1059 quo
390 989 452 1046 sine
479 987 618 1045 librorum
643 988 750 1045 auxilio
776 987 848 1045 nihil
875 987 949 1045 certi
974 985 1071 1044 afferri
1095 989 1205 1058 potest,
1230 1000 1286 1043 non

154 1082 270 1140 omuino
291 1081 461 1154 spreverim.
493 1079 577 1151 Nam,
598 1083 631 1135 ut
650 1085 716 1152 post
736 1076 785 1134 καὶ
804 1081 908 1158 περόνη
930 1079 1093 1137 exciderint
1111 1078 1216 1135 similia
1230 1077 1286 1134 illis

156 1174 234 1247 apud
248 1175 391 1246 Nondum,
407 1173 481 1230 nihil
495 1173 617 1245 impedit
631 1174 700 1244 quin
714 1173 819 1231 deinde
836 1175 895 1232 tale
910 1173 979 1245 quid
1002 1173 1117 1231 dederit
1134 1172 1286 1231 Goluthus:

351 1316 399 1373 καλ
418 1315 524 1375 πλόκον
546 1313 700 1374 ἷθυνθέντα
720 1315 901 1394 διαστήσασα
921 1315 1049 1392 κομάων,

160 1452 236 1524 quod
256 1453 350 1525 ipsum
371 1452 464 1511 videri
483 1459 582 1525 potest
601 1469 770 1525 expressum
799 1469 863 1510 esse
892 1468 928 1510 ex
948 1453 1044 1511 Nonni
1069 1452 1164 1510 verbis
1186 1451 1287 1510 eodem

156 1547 220 1606 loco
241 1562 266 1605 v.
282 1553 318 1604 12
362 1544 482 1602 πολλάκι
501 1544 526 1602 δ’
547 1544 687 1611 λσάζυυσα
707 1542 877 1622 καθειμένον
898 1542 968 1623 ἄχρι
985 1541 1121 1620 μετώπου

361 1635 537 1715 πλαζομένης
557 1633 665 1716 ἔστησε
682 1636 830 1716 μετηλυδα
849 1636 959 1713 κόσμον
980 1635 1124 1714 ἐόείρηςα
1167 1638 1222 1709 Qui
1246 1638 1288 1698 lo·

156 1739 207 1790 cus
237 1748 313 1789 nunc
341 1732 428 1804 longe
459 1733 546 1790 aliter
571 1732 680 1804 legitur
704 1732 783 1804 apud
808 1732 995 1803 Koechlyum.
1042 1730 1168 1791 Oolluthi
1193 1732 1287 1789 locum

155 1826 337 1884 sanissimum
358 1843 422 1884 esse
449 1828 562 1900 putavit
583 1826 741 1885 Schneider
760 1844 789 1898 p.
804 1833 870 1884 434.
892 1833 963 1899 4353
992 1842 1078 1884 unam
1103 1823 1208 1903 περόνη
1232 1843 1288 1886 vox

156 1919 244 1977 etiam
258 1919 295 1977 ad
310 1920 430 1993 capillos
445 1918 597 1978 transferri
611 1919 720 1992 potnit,
741 1926 774 1977 ut
793 1919 901 1978 factum
921 1921 950 1976 in
966 1924 1092 1991 cognata
1112 1935 1182 1978 voce
1195 1917 1287 1995 πόρπη

156 2011 234 2084 apud
255 2012 375 2072 Lucian.
397 2012 433 2071 de
455 2012 530 2072 dom.
553 2018 584 2071 i:
605 2010 698 2088 πόρπη
719 2031 762 2077 τις
782 2007 799 2088 ἢ
820 2013 913 2069 ταινίαι
938 2010 972 2068 τὸ
998 2011 1105 2090 ἄφετον
1126 2013 1177 2090 τῆς
1196 2011 1288 2090 κόμης

158 2105 327 2164 συνδέουσα.
360 2107 431 2178 [Ubi
445 2113 541 2164 tamen
555 2111 622 2179 post
634 2104 727 2182 πόρπη
741 2122 853 2164 comma
867 2106 937 2178 poni
950 2122 1036 2178 posse
1051 2107 1123 2164 vidit
1136 2106 1286 2175 Touruier,

156 2217 184 2272 p.
200 2208 246 2273 20,
268 2200 316 2271 qui
337 2200 435 2272 aptius
460 2196 572 2256 confert
592 2197 679 2269 Verg.
701 2198 772 2255 Aen.
794 2197 849 2256 VII
872 2204 1024 2256 815-816
1048 2198 1105 2256 »Ut
1124 2197 1214 2257 fibula
1233 2199 1287 2255 cri-

155 2309 221 2351 nem
245 2294 325 2352 Auro
351 2291 565 2366 internectata]
614 2290 697 2361 Quod
723 2295 821 2349 autem
852 2288 967 2349 Graefio
993 2290 1144 2350 offensioni
1169 2290 1286 2350 fuerunt

155 2387 326 2444 coniunctae
346 2401 432 2444 voces
451 2381 601 2461 πλόκαμος
628 2390 658 2441 et
675 2382 777 2461 χαίτη,
803 2400 859 2443 non
885 2381 995 2442 faciunt
1023 2384 1138 2456 quidem
1165 2386 1285 2443 multum

159 2479 197 2538 ad
218 2479 372 2538 defendam
394 2479 451 2538 duo
470 2478 610 2551 Hesychii
635 2479 692 2537 loci
718 2481 796 2548 (nam
824 2477 881 2537 duo
908 2484 988 2550 sunt,
1009 2495 1066 2538 non
1087 2484 1187 2552 unus),
1214 2495 1295 2550 quos-

159 2574 294 2633 attulisse
309 2572 425 2632 Juliano
439 2570 526 2630 laudo
540 2571 629 2628 vertit
642 2570 824 2628 Hermannus
844 2569 886 2646 [p.
903 2575 963 2643 13]:
984 2569 1138 2646 πλόκαμοι·
1153 2570 1286 2630 κόνδυλοι

161 2669 269 2749 τριχῶν
288 2663 482 2744 πεπλεγμένοι,
503 2671 546 2724 et:
566 2665 666 2744 χαίτη·
687 2662 705 2741 ἡ
725 2661 770 2720 ἐπὶ
790 2661 841 2720 τοὺ
855 2663 1000 2741 τραχήλου
1015 2662 1090 2740 θρίξ,
1111 2665 1214 2737 quibus
1228 2682 1285 2726 non

157 2764 308 2836 probatur,
329 2760 405 2833 quod
430 2759 548 2833 probari
568 2759 692 2832 putabat
711 2759 860 2830 Julianus,
880 2775 938 2816 non
958 2773 1116 2830 synonyma
1137 2773 1201 2815 esse
1220 2755 1286 2814 πλό-

158 2875 252 2929 καμος
272 2861 302 2914 et
318 2852 415 2932 χαίτη,
436 2859 469 2912 ut
489 2859 612 2925 utraque
633 2870 688 2911 vox
708 2852 844 2923 coniungi
863 2852 964 2923 possit.
1004 2856 1135 2924 poterat,
1156 2854 1188 2908 ut
1208 2851 1285 2922 quod

157 2949 274 3010 volebat
293 2949 445 3023 probaret,
470 2948 560 3022 priori
581 2947 719 3019 Hesychii
739 2946 854 3018 glossae
875 2961 1023 3018 apponere
1048 2944 1134 3003 aliam
1155 2945 1285 3003 eiusdem

155 3044 354 3117 lexicographi
378 3045 466 3102 hanc:
485 3046 603 3120 χαῖται·
630 3040 660 3097 αἱ
683 3038 879 3120 κεχυμέναι
903 3039 1017 3118 τρίχες,
1043 3039 1095 3097 sed
1115 3039 1286 3114 praestabat

157 3138 315 3198 admonere
335 3138 390 3197 loci
413 3137 568 3205 Homerici,
590 3135 624 3193 Il.
648 3139 696 3208 17,
718 3142 753 3193 51
776 3133 877 3210 αἵματί
890 3133 920 3190 οἱ
938 3130 1055 3191 δεύοντο
1076 3132 1185 3210 κόμαι
1201 3134 1286 3212 χαρί-

155 3249 252 3289 τεσσιν
272 3229 367 3308 όμοῖαι
386 3229 544 3308 πλοχμοί
559 3224 589 3284 29²
613 3226 643 3284 οἳ
658 3232 763 3306 χρυσῷ
780 3246 812 3284 τε
833 3226 881 3283 καλ
901 3223 1021 3305 άρχόρῳ
1041 3223 1240 3304 ἐσφηκωντοα

233 3324 350 3393 Melius,
371 3330 451 3397 puto,
471 3322 508 3380 de
521 3322 576 3382 hoc
590 3323 653 3381 loco
672 3320 817 3380 sentiebat
831 3319 962 3379 Graefius
976 3339 1004 3394 p.
1019 3327 1088 3378 244:
1112 3320 1284 3379 »coluthum

156 3433 193 3475 ex
214 3417 302 3476 allato
316 3417 412 3476 Nonni
432 3417 496 3475 loco
511 3415 665 3473 emendare
680 3413 806 3472 debebat
818 3413 995 3472 Wernikius.
1027 3413 1189 3472 Admodum
1209 3415 1285 3472 enim

158 3522 309 3584 suspectus
330 3511 419 3584 genit.
450 3507 583 3585 κομάων,
609 3514 676 3567 ante
696 3506 863 3584 πλοκάμους
888 3526 913 3565 v.
935 3525 957 3566 s.
985 3513 1015 3567 et
1037 3507 1154 3586 χαίτην,
1181 3509 1285 3580 etqui

154 3623 180 3662 v.
197 3611 253 3664 134
280 3609 365 3664 acute
392 3602 564 3664 emendabat
589 3601 699 3678 κόσμον
726 3598 845 3681 ἐλειρης
871 3607 914 3673 (et
940 3604 1053 3661 acutius
1079 3602 1097 3660 f.
1120 3619 1196 3660 cens.
1217 3602 1283 3659 Hal.

154 3695 262 3774 κόσμια
279 3697 397 3781 χαίτης)
418 3696 627 3770 considebat,
653 3698 782 3769 ineptum
801 3695 904 3774 χαίτην
931 3714 956 3755 v.
972 3704 1008 3756 83
1030 3714 1046 3755 e
1067 3715 1091 3757 v.
1108 3703 1162 3754 133
1189 3712 1284 3754 emen·

157 3790 283 3853 dandum
304 3789 389 3853 esse?
421 3793 492 3863 Quis
513 3793 588 3850 enim
610 3792 652 3849 sic
671 3792 773 3863 iungat
792 3788 960 3865 πλοκάμους
981 3797 1010 3848 et
1027 3788 1139 3868 χαίτην,
1162 3790 1218 3848 etsi
1237 3790 1283 3850 Jo.

155 3885 224 3942 Gan.
247 3901 273 3946 v.
290 3892 346 3946 224
372 3901 429 3944 non
454 3886 544 3946 multo
571 3886 674 3944 melius
694 3882 860 3961 πλοκάμους
886 3889 917 3942 et
943 3881 1052 3961 κόρσην
1077 3884 1177 3942 iunxit.
1216 3882 1283 3943 Jam

155 3976 321 4053 πλοκάμους
341 3976 427 4037 facile
447 3985 541 4037 mutes
562 3980 591 4037 in
610 3977 756 4055 παλάμας;
777 3978 829 4037 sed
849 3979 868 4035 l.
883 3978 901 4034 l.
918 3985 972 4036 133
988 3994 1010 4035 s.
1032 3993 1166 4036 unacum
1180 3979 1283 4038 Nonno

154 4078 305 4145 monstrat,
327 4071 509 4131 scribendum
531 4089 609 4133 esse:

203 4167 228 4206 Ε.
243 4167 327 4214 Abel,
346 4166 469 4221 Colluthus.
1060 4169 1078 4218 4
