2880 4606
614 321 829 386 ..32-

154 506 307 581 bergensis
331 509 362 566 in
386 507 548 567 Annalibus
574 512 657 567 1824.
683 506 756 565 ΡΝ
780 524 810 579 p.
829 512 951 579 telseq.
992 507 1095 580 Neque
1116 509 1193 568 enim
1216 508 1292 570 dicit

153 608 250 676 pocta,
277 617 328 661 vos
349 599 419 660 deas
433 615 452 659 a
465 600 572 660 Paride
592 600 736 659 indicatas
756 600 789 673 (l)
809 601 932 674 vidistis,
952 600 1006 660 sed
1025 602 1140 662 meista
1160 603 1290 663 iudicem

153 694 252 753 Parim
278 700 309 752 et
332 693 482 752 victricem
506 693 677 752 Venerem«.
718 691 870 752 consentit
895 693 1027 753 Graefius
1053 713 1083 768 p.
1102 703 1159 755 242
1186 702 1288 756 »reete

152 788 260 863 Popoff
268 805 351 848 meus
362 788 506 865 μολοῦσαι
520 793 700 848 constantem
713 788 853 847 librorum
867 788 1023 848 lectionem
1036 786 1179 863 defendit,
1200 805 1293 862 quam

154 882 216 941 sine
236 884 314 942 omni
334 899 423 942 causa
447 883 577 941 deseruit
596 880 763 954 Bekkerus,
789 896 823 939 eo
848 882 933 953 peius
958 879 1084 955 faciens,
1111 899 1168 954 quo
1193 885 1290 943 minua

153 978 384 1037 commemoratis
404 991 448 1036 νν.
464 983 509 1035 15.
527 983 571 1038 16.
603 975 728 1035 Paridi
743 981 773 1034 et
786 975 895 1034 Veneri
909 976 1045 1034 convenit
1059 981 1187 1035 accusat.
1201 975 1289 1036 foem.

150 1066 312 1145 μολούσας,
339 1070 389 1142 qui
412 1085 449 1128 ne
475 1068 577 1128 addita
601 1069 718 1140 quidem
745 1074 812 1142 post
832 1085 858 1126 ν.
875 1075 910 1127 16
930 1066 1049 1128 lunonis
1076 1077 1107 1127 et
1131 1069 1286 1130 Minervae

154 1164 314 1234 mentione,
340 1168 462 1236 propter
486 1163 664 1235 praecedens
691 1169 721 1221 et
745 1161 907 1234 proximum
926 1162 1043 1220 Paridis
1069 1178 1188 1236 nomen,
1214 1164 1288 1222 satis

156 1263 242 1330 aptus
262 1256 374 1315 fuisset.
414 1256 517 1327 Neque
537 1272 605 1315 vero
626 1271 746 1314 neeesse
766 1262 824 1328 eat,
851 1256 888 1314 de
913 1255 1026 1314 omissis
1055 1255 1199 1315 eiusmodi
1224 1273 1289 1316 ver·

154 1350 234 1409 sibus
255 1351 393 1423 cogitare,
416 1351 484 1421 quia
504 1349 575 1408 satis
596 1357 668 1421 erat,
693 1349 819 1408 iudicem
840 1364 1079 1410 commemorasse
1099 1355 1130 1407 et
1152 1349 1191 1408 de
1210 1348 1290 1409 Dea·

154 1444 209 1505 bus
230 1460 303 1518 eam,
324 1461 399 1516 quae
419 1445 545 1517 palmam
564 1450 776 1516 reportaverat.
806 1443 841 1502 In
861 1442 1101 1502 antecedentibus
1125 1449 1232 1516 autem,
1253 1449 1287 1503 ut

153 1540 184 1596 in
214 1540 356 1599 communi
386 1538 543 1609 sententia,
573 1538 616 1595 ita
645 1538 787 1597 communi
813 1538 901 1595 etiam
927 1553 1033 1609 genere
1060 1536 1097 1594 de
1127 1531 1287 1602 ἀθανάτοις

156 1649 182 1689 ν.
199 1639 234 1690 11
255 1648 312 1690 non
333 1629 508 1704 ἀθανάταις,
534 1637 613 1689 reete
633 1632 746 1690 loeutus
767 1634 813 1690 est
832 1636 928 1702 poeta,
955 1637 988 1689 ut
1007 1646 1105 1702 neque
1124 1632 1180 1689 huo
1200 1629 1287 1690 foem.

152 1722 301 1800 μολούσας
336 1723 447 1783 referre
480 1725 595 1782 liceat«.
645 1724 757 1783 Similia
784 1725 906 1797 protulit
933 1723 1025 1782 Iulian
1056 1741 1084 1797 p.
1112 1730 1157 1782 59.
1181 1723 1288 1800 μολοῦ-

155 1837 205 1875 σαι
223 1816 358 1891 probauit
377 1820 465 1877 etiarn
485 1820 589 1879 Iuliani
611 1837 714 1880 censor
734 1820 943 1892 Gottingensis.
966 1821 1013 1891 (K.
1031 1820 1065 1879 0.
1080 1820 1234 1892 Mdillerl)
1256 1823 1288 1880 in

155 1911 311 1982 Gottmger
332 1912 470 1971 Gelehrte
490 1915 638 1986 Anzeigen
660 1922 732 1974 1825
753 1932 782 1988 p.
804 1919 1026 1985 1545-1549).
1049 1946 1083 1955 —
1107 1911 1146 1970 14
1172 1912 1286 1990 ϊδαίηΙσι

155 2003 279 2080 κάρηνον
299 2004 340 2077 Μ,
361 2012 394 2064 ut
414 2025 442 2063 σι
463 2008 501 2066 ad
522 2007 645 2085 κάρηνον
671 2025 727 2067 non
753 2008 791 2066 ad
817 2007 890 2083 ιδαίη
917 2009 1067 2081 pertinere
1093 2006 1285 2080 significetur;

155 2095 246 2174 λδαίης
266 2097 389 2176 κάρηνον
411 2101 494 2159 oedd.
514 2101 586 2160 dett.
608 2108 638 2161 et
658 2101 724 2160 edd.
745 2108 813 2160 ante
833 2099 1011 2174 Bekkerum,
1031 2101 1088 2174 nisi
1110 2102 1187 2173 quod
1207 2104 1238 2160 in
1256 2103 1283 2162 L

154 2243 237 2303 colon
251 2248 318 2316 post
331 2241 422 2322 ἰδαίης
437 2252 491 2313 est,
506 2263 629 2323 καρηνον
645 2245 685 2316 V;
705 2244 732 2303 A
746 2206 866 2320 κλλρηήήι
880 2248 902 2314 (ι
915 2246 946 2302 in
958 2261 1015 2304 ras.
1028 2262 1092 2305 am.
1105 2253 1122 2303 2
1137 2263 1168 2303 ον
1182 2262 1285 2318 supra·

155 2336 294 2408 seriptum
314 2353 382 2396 am.
398 2343 436 2409 2),
459 2344 489 2397 et
510 2337 660 2414 δικάρηνον
675 2337 701 2396 G
721 2339 810 2397 babet
830 2339 907 2410 quod
924 2339 1023 2411 Steph.
1037 2339 1119 2400 Leet.
1135 2346 1165 2397 et
1178 2339 1287 2398 Portus

157 2428 324 2500 ediderunt;
352 2430 473 2501 »quodsi
493 2431 574 2501 legas
595 2427 746 2505 δικάρηνον
771 2447 823 2488 seu
846 2427 1031 2506 τρικάρηνον,
1054 2430 1198 2491 constabit
1222 2446 1286 2489 ver·

155 2538 221 2580 sust
236 2523 404 2582 Neander
423 2525 453 2581 in
466 2540 558 2595 marg.
575 2554 607 2565 —
627 2523 747 2595 Lennep
761 2531 914 2596 postquam
930 2526 988 2584 tria
1001 2526 1071 2583 Idae
1087 2527 1289 2598 promontoria

155 2632 173 2674 a
199 2617 344 2677 veteribus
374 2618 590 2679 commemorari
624 2619 804 2691 exposuerit,
836 2621 877 2676 sic
908 2621 1007 2691 pergit
1040 2618 1165 2676 »Melius
1195 2619 1284 2691 paulo

153 2709 221 2768 huic
242 2710 305 2771 loco
331 2713 492 2771 consultum
517 2711 633 2783 fuisset,
661 2713 685 2768 si
710 2712 833 2770 alterum
859 2710 1030 2790 τρικάρηνον
1057 2712 1284 2771 substituissent.

153 2804 236 2864 Idam
256 2804 437 2883 τρικάρηνον,
457 2823 514 2866 non
535 2822 603 2865 vero
624 2802 775 2881 δικάρηνον
790 2805 912 2865 Golutbo
932 2805 1031 2878 fuisse,
1053 2806 1193 2878 exipsius
1207 2806 1284 2865 Pha·
1324 2828 1328 2843 ·

155 2900 254 2958 lacrae
274 2901 411 2959 hocloco
436 2900 582 2958 mentione
606 2904 697 2972 patet.
737 2898 796 2957 Sed
815 2916 869 2958 nee
889 2902 983 2972 ipsum
1008 2899 1079 2956 illud
1105 2892 1284 2976 τρικάρηνον,

154 2993 211 3051 etsi
232 2998 317 3050 acute
344 2993 539 3063 excogitatum
565 2995 595 3049 et
619 2993 714 3064 prima
739 2992 837 3065 specie
865 2991 1092 3051 commendabile
1118 2990 1286 3065 admodum,
1313 3023 1316 3027 ·

153 3083 226 3144 ferri
246 3090 356 3159 potest:
382 3087 407 3144 si
428 3087 504 3144 enim
524 3085 668 3144 Phalaora
687 3102 775 3144 unum
797 3102 813 3144 e
833 3087 926 3145 tribus
953 3087 1159 3158 promontoriis
1184 3083 1285 3158 fuerit,

153 3179 232 3237 nullo
253 3178 338 3239 modo
359 3179 507 3240 commode
528 3178 586 3237 diei
604 3185 705 3251 posset
725 3178 897 3256 τρικάρηνος
916 3177 1014 3257 πρηὼν
1038 3177 1202 3255 Φαλάκρης,
1225 3180 1286 3238 nisi

155 3278 267 3332 statuas
288 3271 333 3330 ἐπὶ
353 3273 470 3350 πρηῶνα
490 3269 659 3349 τρικάρηνον
675 3269 778 3350 Ἰδαίης
795 3269 951 3351 Φαλάκρης
964 3274 1090 3346 positum
1112 3289 1177 3332 esse
1197 3272 1288 3332 modo

153 3369 248 3442 poetis
268 3365 405 3427 familiari
425 3383 477 3439 pro
498 3363 544 3423 ἐπὶ
563 3367 681 3444 πρηῶνα
704 3364 859 3444 Φαλάκρης
875 3363 979 3443 Ἰδαίης
1000 3364 1174 3443 τρικαρήνου
1194 3366 1285 3439 idque

152 3480 206 3537 pro
226 3458 272 3520 ἐπὶ
291 3482 319 3518 α.
337 3459 371 3518 Φ.
385 3455 463 3537 Ἴδης
482 3459 664 3538 τρικαρήνου,
684 3460 925 3534 quemadmodum
945 3461 1077 3539 σεληναίη
1097 3477 1151 3533 pro
1171 3458 1285 3535 σελήνη,

152 3553 277 3634 Ἀθηναίη
303 3572 357 3629 pro
381 3551 490 3632 Ἀθήνης
521 3555 598 3626 quod
622 3563 721 3614 tamen
746 3556 897 3628 probabile
930 3556 1008 3615 haud
1034 3554 1158 3614 videtur.
1195 3550 1288 3630 Ἰδαίη

157 3648 295 3727 Φαλάκρη
320 3652 433 3711 omnino
458 3652 601 3712 adieetive
625 3653 722 3725 capio,
748 3649 988 3723 quemadmodum
1008 3655 1068 3707 v.4
1089 3643 1209 3726 Ἰδαίησι
1228 3666 1284 3724 χο-

150 3750 258 3821 ρείαις,
282 3761 308 3804 v.
325 3751 361 3804 69
382 3742 495 3811 Ξάνθος
513 3741 633 3819 Ἰδαῖος,
658 3763 684 3806 v.
701 3753 755 3806 100
772 3739 865 3820 Ἰδαίη
886 3740 976 3820 ἄκρη,
1001 3760 1027 3802 ν.
1043 3748 1098 3801 116
1119 3738 1211 3797 Ἰδαῖα
1231 3736 1286 3818 ὄρη

155 3844 186 3898 et
206 3839 271 3897 aliis
291 3840 322 3899 in
341 3840 421 3900 locis.
460 3841 540 3900 Nihil
565 3840 697 3912 adeoque
723 3845 871 3914 superest,
899 3854 985 3909 quam
1009 3840 1042 3894 ut
1068 3834 1186 3894 aliunde
1207 3850 1291 3894 com·

154 3932 313 3992 modiorem
344 3935 517 4008 scriptmam
547 3934 839 4007 circumspiciamus«.
885 3932 982 4005 Quare
1012 3948 1041 4004 p.
1063 3936 1118 3989 109
1151 3944 1187 3988 ex
1217 3927 1288 3988 libri

156 4026 340 4087 Ambrosiam
360 4029 506 4101 scriptura
525 4045 634 4106 κρηνατ
654 4027 710 4098 (sic
723 4027 800 4086 enim
814 4026 842 4084 ei
857 4041 892 4085 ex
906 4027 962 4085 boo
976 4024 1050 4084 libro
1070 4021 1145 4082 falso
1158 4020 1291 4082 relatum
