2880 4606
449 851 762 993 ΚΟΛθΥΘθΥ
800 852 947 949 ΒΙθΣ.

222 1035 382 1114 Ιίολοῦδος
398 1037 607 1126 Λυκοπολίτης
623 1038 761 1126 θηβαῖος
772 1038 928 1121 ἐποποιός,
940 1040 1079 1122 γεγονώς
1092 1040 1170 1105 κατὰ
1185 1039 1263 1104 Σού·

133 1140 246 1206 δανέπλ
255 1137 450 1205 Ἀναστασίου
464 1143 517 1204 τοῦ
525 1139 692 1228 κληθέντος
701 1141 866 1230 Βραγίνου,
876 1140 957 1226 μετὰ
970 1140 1104 1230 Ζήνωνα
1115 1142 1263 1225 βασιλεύ-

135 1265 249 1318 σαντος
271 1241 304 1306 ἐν
329 1241 659 1324 ίίωνσταντινουπόλει,
679 1240 758 1327 μεθ’
781 1241 817 1306 δν
837 1242 1043 1327 ἐβασίλευσεν
1064 1241 1263 1320 Ἰουστῖνοςί

135 1342 242 1431 Θρᾷξ,
270 1345 319 1408 καλ
345 1342 418 1428 μετ’
447 1343 563 1408 ἐκεῖνον
592 1344 804 1419 Ἰουστινιανδς
826 1346 844 1408 δ
866 1345 969 1428 δεῖος,
998 1344 1264 1432 δέλευδερώσας
1297 1366 1314 1418 5

131 1445 258 1512 Ἰταλίαν
281 1449 336 1534 τῆς
359 1446 502 1520 δουλείας
528 1450 591 1511 τῶν
613 1445 743 1512 Γάτδων
763 1447 814 1511 διὰ
838 1446 1038 1534 Βελισαρίου,
1068 1447 1197 1532 άνεῴιδς
1218 1445 1263 1510 ών

132 1548 261 1630 ἐκείνου,
278 1548 361 1637 χίλια
384 1546 438 1637 έτη
462 1546 523 1614 εἰσὶ
546 1551 594 1614 καλ
611 1550 720 1636 μικρόν
737 1573 764 1614 τι
787 1551 876 1636 πρός.
904 1549 1001 1624 Οὗτος
1023 1547 1145 1635 έγραῴε
1168 1549 1263 1613 Καλυ·

133 1650 269 1715 δωνιακὰ
297 1650 339 1714 δι’
368 1651 453 1715 ἐπών
483 1652 517 1716 ἐν
538 1651 672 1736 βιβλίοις
699 1651 749 1733 ἕξ,
779 1654 827 1716 καλ
854 1651 1008 1738 Ἐγκώμια
1037 1653 1086 1716 καλ
1112 1651 1261 1736 Περσικά.

135 1751 242 1838 Τούτῳ
265 1751 485 1838 ἐπιγέγραπται
513 1754 561 1818 καλ
590 1756 625 1818 τὸ
648 1755 749 1841 παρδν
777 1753 893 1841 ποίημα
914 1750 1038 1842 Ἑλένης
1052 1750 1202 1842 Ἀρπαγη,
1229 1751 1263 1816 ἐν

130 1852 270 1942 Ἀπουλίᾳ
294 1853 431 1942 σύνηδες
453 1857 502 1920 καλ
523 1857 690 1941 γνώριμον,
713 1856 793 1921 ὅπου
816 1858 864 1920 καλ
885 1857 914 1945 η
928 1857 1049 1945 ποίησις
1072 1858 1125 1920 τοῦ
1142 1853 1263 1944 Ὁμηρι-
1281 1862 1314 1916 10

132 1958 187 2019 κοῦ
209 1953 338 2021 Κοΐντου
367 1959 493 2043 πρῶτον
523 1955 654 2045 εὕρηται
682 1957 717 2021 έν
744 1961 791 2045 τῷ
814 1961 882 2045 ναῷ
912 1957 966 2023 τοῦ
995 1957 1083 2023 δείου
1112 1957 1262 2023 Νικολάου

131 2059 194 2120 τῶν
216 2057 410 2122 Κασσούλων
433 2057 496 2132 ἔξω
520 2063 574 2124 τοῦ
590 2055 779 2145 Ὑδράντου·
803 2060 821 2123 δ
844 2060 1016 2137 άνασώσας
1038 2063 1055 2124 ὁ
1079 2058 1164 2135 θεῖος
1180 2061 1262 2149 Βησ·

133 2160 253 2243 σαρίων
281 2161 298 2222 ὁ
329 2158 452 2236 Νικαίας
479 2161 659 2244 καρδινάλις
693 2159 927 2225 9ουσκουλανοῦ
962 2163 1025 2234 τοῖς
1057 2160 1262 2245 βουλομένοις

131 2258 291 2325 ἐκοίνωσε.
335 2259 395 2324 Ιίαλ
421 2262 511 2326 τοῦτο
541 2260 578 2324 δὲ
606 2261 791 2348 ἐπίκρυφον
814 2264 943 2346 γεγονὸς
965 2265 1018 2326 νῦν
1040 2263 1141 2326 κοινὸν
1164 2260 1260 2326 ἔσται.

537 2461 569 2533 Υ
573 2457 611 2532 Π
618 2457 645 2532 0
655 2459 684 2534 Θ
692 2460 724 2533 Ε
732 2459 766 2534 Σ
771 2460 791 2533 ί
796 2458 838 2536 Σ.
1280 2488 1312 2542 15

207 2594 296 2664 Ἔστι
318 2599 354 2663 δὲ
377 2600 453 2664 ἰδεῖν
476 2599 509 2664 ἐν
533 2600 633 2686 τούτῳ
657 2603 711 2690 τὴν
734 2600 768 2664 ἐν
791 2603 836 2688 τῷ
856 2603 948 2688 γάμιρ
978 2605 1032 2666 τοῦ
1060 2600 1191 2690 Πηλέως
1212 2602 1261 2665 καὶ

27 2713 31 2721 ’
130 2700 257 2776 θέτιδος
286 2697 471 2791 συναγωγὴν
498 2706 561 2766 τῶν
587 2701 686 2783 δεών,
718 2704 766 2767 καλ
795 2705 850 2792 τὴν
878 2707 932 2792 τῆς
952 2696 1080 2788 ’Ἔριδος
1105 2701 1259 2791 σύγχυσιν,

127 2803 176 2867 καλ
201 2801 267 2888 ἔριν
288 2804 361 2889 περὶ
383 2806 437 2868 τοῦ
457 2805 574 2894 μήλου,
603 2805 652 2869 καλ
672 2805 719 2870 ὅτι
741 2804 759 2868 ὁ
782 2804 866 2882 Ζεδς
887 2803 1026 2890 ἐπεμῴεν
1043 2799 1159 2892 Ἑρμῆν
1181 2804 1261 2888 πρὸς

128 2903 230 2991 Πάριν
253 2906 417 2991 κρινοῦντα
444 2905 499 2980 τὰς
527 2909 610 2988 τρεῖς
631 2903 727 2985 δεδις,
757 2906 807 2969 καλ
829 2908 867 2992 τῇ
890 2903 1093 2992 εὖειδεστέρᾳ
1115 2904 1260 2968 δώσοντα

127 3011 162 3074 τὸ
183 3009 295 3098 μῆλον.
328 3007 388 3073 Καὶ
409 3009 531 3073 πολλῶν
550 3008 717 3097 ῥηθέντων
740 3010 757 3072 δ
777 3007 878 3094 Πάρις
900 3008 1022 3073 δέδωκε
1045 3008 1083 3094 τῇ
1095 3005 1258 3095 Ἀφροδίτη
1276 3012 1311 3064 2⁰

126 3112 162 3175 τὸ
187 3112 304 3199 μῆλον,
337 3110 386 3174 ἐπὶ
419 3110 586 3202 ὑποσχέσει
615 3109 724 3194 λαβεῖν
758 3111 813 3199 τὴν
841 3106 985 3199 Ἑλένην·
1014 3108 1032 3174 δ
1062 3111 1111 3174 καλ
1139 3109 1258 3194 γέγονε.

127 3211 274 3289 Πλείσας
294 3212 356 3297 γὰρ
372 3212 416 3287 εἷς
439 3215 494 3302 τὴν
514 3209 656 3292 Ἑλλάδα,
679 3215 727 3278 καὶ
749 3211 797 3288 εἷς
815 3212 976 3302 Σπάρτην,
1000 3215 1048 3278 καλ
1062 3212 1170 3297 λαβὼν
1185 3209 1260 3275 ἐκεί·

129 3336 194 3402 νην,
216 3313 372 3402 άνηγαγεν
396 3311 557 3393 είςἼλιον,
579 3318 671 3380 κακδν
695 3315 867 3405 ἀρχέκακον
889 3318 1013 3382 πάντων
1035 3319 1098 3382 τών
1115 3316 1236 3379 δεινών.

213 3481 322 3550 Habet
343 3483 428 3550 hanc
449 3485 549 3551 vitam
577 3487 707 3552 saeculo
737 3487 847 3572 quinto
875 3486 999 3553 decimo
1028 3489 1164 3552 exeunte
1185 3501 1258 3551 con·

127 3569 282 3653 scriptam
303 3568 374 3635 cod.
396 3569 425 3635 A
447 3574 480 3637 et
501 3569 621 3636 Aldina
643 3571 757 3654 editio,
786 3571 872 3655 unde
893 3571 928 3637 in
949 3575 1095 3637 caeteras
1116 3566 1256 3634 transiit.

125 3674 155 3720 v.
176 3655 196 3718 2
219 3654 345 3720 Σοῦδαν
368 3654 411 3737 Α,
441 3655 578 3721 Σουΐδαν
600 3656 751 3724 Neander
776 3660 810 3722 ot
831 3655 966 3740 Ubelus;
996 3657 1016 3721 3
1038 3656 1191 3743 βραγινοῦ
1213 3652 1255 3736 Α,

129 3739 169 3802 13
198 3740 386 3824 καρδινάλς
418 3741 653 3808 δουσκουλάνου
679 3741 724 3826 Α,
761 3742 987 3818 τουσκουλανός
1019 3739 1180 3806 Neander.
1216 3739 1257 3803 14

127 3821 316 3911 ἐκοινώνησε
346 3763 389 3905 λ,
420 3825 494 3894 fort.
516 3830 620 3909 rect03
652 3827 689 3892 δέ
716 3830 792 3912 post
820 3831 911 3892 τοῦτο
939 3846 998 3891 ουκ
1028 3825 1072 3907 Δγ
1104 3822 1257 3908 λιγρολλιο

127 3926 199 3973 seos
221 3905 334 3973 titulus
354 3908 388 3974 in
409 3909 512 3977 Aest:
536 3911 686 3989 ὑπόδεσις
715 3915 767 3979 τοῦ
797 3912 952 3994 παρόντος
975 3910 1159 3999 ποιήματος,
1187 3911 1257 3973 tum

128 3994 176 4056 καλ
192 3996 282 4057 τοῦτο
297 4015 357 4077 pro
373 3995 406 4058 ἐν
423 3997 523 4083 τούτῳ
538 3997 576 4062 Α.
