2880 4606
610 338 820 398 ..72-

153 522 257 582 referri
277 525 406 597 putavit,
433 540 470 581 ne
490 524 544 582 hoc
564 523 680 595 quidem
703 524 774 581 satis
794 524 904 596 placet,
931 540 995 582 curn
1019 529 1140 597 recepta
1159 525 1192 583 M
1213 525 1277 584 libri

153 618 279 677 lectione
292 618 380 690 plana
394 618 518 676 cvadcat
532 618 689 675 sententia:
711 616 838 676 Oedite
856 634 898 675 ex
913 618 1010 676 bello
1025 617 1109 675 mihi
1128 618 1279 678 adsueto

154 712 237 782 (dicit
251 709 352 787 ἀγῶνα
365 709 429 787 περὶ
443 710 577 779 κάλλους,
598 714 744 769 caeterum
759 708 809 768 cfr.
823 710 1008 769 Homericum
1022 705 1107 767 εἴκειν
1125 709 1279 786 πολέμου

154 804 204 862 καὶ
223 805 383 884 δηϊοτῆτος)
405 806 528 863 cedite
549 804 716 863 victoria!
746 803 843 874 Atque
864 801 1006 879 συνήθεας
1025 803 1202 875 probaverat
1221 804 1278 862 iam

154 899 297 959 Teurnier
315 919 345 973 p.
361 908 406 972 25,
428 901 478 972 qui
498 905 594 957 tamen
614 892 755 976 συνήθεας
774 914 830 955 non
851 897 889 954 ad
908 893 1050 972 πολέμοιο,
1071 895 1124 954 sed
1145 898 1182 956 ad
1203 899 1281 974 νίκης

154 994 270 1065 retulit3
291 992 357 1053 fort.
372 1001 461 1053 reate.
478 1025 512 1034 —
527 990 624 1060 ειξατε
637 992 679 1062 Μ,
699 987 795 1058 ettam
810 995 878 1049 ante
892 1006 964 1050 corr.
981 990 1012 1059 0,
1033 983 1121 1065 ήξατε
1136 992 1175 1063 Q3
1194 989 1281 1068 μίκης

153 1087 204 1160 Μ,
221 1121 250 1129 —
277 1089 333 1148 173
353 1090 513 1147 bic‘versus
528 1087 594 1146 olim
615 1092 681 1160 post
700 1103 725 1144 v.
746 1083 798 1144 itt
820 1086 982 1157 legebatur,
1003 1090 1082 1144 recta
1103 1086 1281 1158 transposuit

159 1181 301 1239 Teurnicr
314 1200 342 1255 p.
358 1190 403 1254 25,
423 1181 605 1254 improbante
625 1181 694 1238 licet
712 1179 889 1238 Schneidcro
909 1196 977 1238 rec.
997 1198 1025 1252 p.
1043 1187 1106 1238 195.
1126 1213 1162 1220 —
1184 1176 1209 1236 ὦ
1229 1197 1281 1253 pro

153 1271 294 1346 prioreob
305 1276 413 1334 habant
427 1279 470 1331 ba
482 1275 596 1344 Portus,
611 1275 736 1344 chlns;
747 1272 881 1348 βασιλεῖα
891 1275 938 1344 Μ;
953 1293 987 1330 συ
997 1290 1051 1346 pro
1062 1272 1090 1330 el
1100 1274 1142 1344 M,
1157 1274 1235 1331 unde
1248 1269 1281 1330 ob

153 1370 265 1439 recepit
278 1369 419 1429 Teurnicr
432 1387 460 1442 p.
476 1377 537 1440 ab,
557 1367 647 1444 σωρὸς
660 1369 706 1439 Μ;
726 1365 789 1424 ἐστὶ
802 1367 843 1439 Μ,
864 1361 928 1424 ἐστι
940 1366 1067 1440 Bekker,
1088 1372 1119 1426 et
1137 1368 1201 1425 rell.
1216 1374 1282 1439 post

155 1476 218 1517 eum
235 1460 309 1533 edd,
331 1457 396 1518 ἐσσὶ
410 1459 499 1532 (ἐσσι)
513 1463 575 1519 rell.
591 1461 675 1520 codd.
690 1466 720 1518 et
734 1460 809 1533 cdd,
824 1459 878 1536 εἰμι
893 1476 929 1518 ex
941 1459 1095 1519 Tourncrii
1114 1462 1282 1520 coniectura

156 1559 196 1627 tp.
213 1559 262 1626 nt)
283 1557 388 1626 recepi.
420 1553 471 1612 cfr.
492 1555 640 1612 Hermann
659 1573 688 1628 p.
706 1561 754 1613 16:
789 1555 888 1626 »Quae
913 1555 959 1612 hic
984 1571 1041 1612 non
1066 1554 1213 1613 adiuvisse
1235 1556 1282 1613 In·

153 1663 256 1706 nonem
278 1647 383 1705 dieitur
403 1646 518 1704 σακέων
537 1647 678 1722 βασίλεια,
700 1646 747 1703 καὶ
766 1647 793 1704 εἰ
803 1646 895 1723 πυρὸς
908 1643 971 1704 ἔστι
986 1647 1052 1722 [sic]
1074 1645 1182 1726 τιθήνη,
1205 1650 1282 1707 utin

154 1739 217 1799 cod.
239 1740 312 1798 Μαι.
333 1757 386 1812 pro
407 1742 523 1813 vulgato
544 1737 609 1796 ἐσσὶ
629 1742 780 1812 scripturn,
806 1740 959 1798 ridiculum
985 1748 1076 1810 asset,
1103 1743 1128 1799 si
1149 1749 1200 1800 aut
1220 1743 1278 1803 Mi·

153 1849 244 1892 nerva
264 1840 356 1904 esset,
383 1838 416 1890 ut
435 1834 584 1906 Lennepio
605 1835 707 1892 visum:
735 1836 783 1905 qui
804 1836 879 1892 enirn
899 1835 986 1908 hacc,
1011 1836 1061 1893 ubi
1080 1835 1146 1908 ipsa
1166 1836 1283 1895 vincere

154 1927 280 1994 volebat,
301 1927 402 1985 Iunoni
422 1928 606 1985 conciliasset
626 1926 795 1986 victoriam?
816 1933 867 1985 aut
887 1927 970 2000 adeo,
991 1929 1068 1999 quod
1083 1930 1198 1988 censori
1213 1928 1285 1987 Hei·

153 2021 336 2093 delbergensi
363 2022 392 2077 in
418 2027 543 2080 mantem
569 2022 662 2094 venit,
689 2023 792 2079 coniux
817 2022 940 2080 Vulcani
967 2022 1078 2080 Gratia.
1118 2023 1201 2095 Enyo
1228 2029 1285 2096 est,

153 2130 238 2185 quam
259 2114 330 2172 dicit
348 2119 445 2188 pocta,
466 2114 557 2175 facem
579 2120 725 2186 gestans«.
756 2115 789 2172 In
803 2114 946 2186 Lennepii
967 2116 1165 2187 explicatione,
1179 2117 1229 2188 qui
1252 2123 1286 2175 et

152 2209 216 2280 ipse
236 2209 355 2267 offendit
375 2210 476 2280 Iulicn,
498 2210 683 2282 transpositis
703 2208 892 2267 hemistichiis
911 2209 1006 2266 locum
1020 2209 1062 2267 sic
1076 2207 1283 2268 conformavit:

306 2333 340 2394 οὐ
360 2335 475 2394 σακέων
494 2336 635 2412 βασίλεια,
657 2335 706 2393 καὶ
725 2336 754 2393 εἷ
771 2335 833 2412 δορὶ
850 2338 981 2414 μαίνεται
995 2333 1088 2414 Ἄρης,

307 2424 341 2485 οὔ
361 2450 408 2487 σοι
420 2424 504 2507 ’Ἄρης
524 2426 650 2506 ἐπάρηξε
670 2429 718 2486 καὶ
738 2429 765 2486 εἰ
783 2422 872 2504 πἀρὸς
894 2429 959 2487 ἐσσὶ
980 2429 1087 2508 τιθήνη,
1109 2437 1164 2490 etc.

154 2555 230 2627 quod
251 2557 353 2614 vertit:
388 2557 478 2630 »Nom
499 2562 646 2616 scutorum
666 2558 780 2629 regina!
810 2558 880 2616 licet
899 2559 984 2616 hasta
1004 2557 1083 2617 furat
1101 2559 1199 2629 Mars,
1226 2578 1287 2622 non

153 2649 234 2707 Mars
261 2657 291 2708 te
317 2651 441 2722 adiuvit,
473 2652 542 2709 licet
566 2653 641 2725 ignis
667 2654 706 2710 sis
731 2653 842 2725 nutrix,
868 2669 924 2711 non
950 2651 1082 2711 flammae
1108 2653 1230 2711 Vulcani
1253 2661 1286 2714 te

154 2743 300 2817 adiuvere,
321 2747 390 2804 licet
411 2745 543 2804 flammae
564 2748 697 2819 spiritum
718 2749 748 2817 (i.
764 2764 789 2805 e.
810 2748 929 2820 ignem
950 2746 1154 2819 ardentem)
1175 2748 1285 2821 produ·

153 2843 228 2897 cat«.
258 2839 299 2897 Et
318 2841 451 2897 similiter
472 2856 526 2912 ego
546 2841 609 2913 ipse
630 2841 784 2898 lectionem
804 2842 871 2899 olim
886 2841 1031 2910 constitui,
1053 2841 1108 2898 nisi
1129 2841 1206 2912 quod
1226 2860 1282 2916 pro

154 2933 270 2989 σακέων
289 2931 431 3007 βασίλεια,
453 2933 529 3004 quod
550 2951 635 3005 quam
655 2950 758 3005 parum
778 2940 847 3006 apte
868 2934 903 2992 de
918 2936 1026 2993 Iunone
1048 2934 1155 2993 dictum
1176 2936 1223 3005 sit,
1248 2953 1283 2994 ex

153 3042 178 3083 v.
202 3032 265 3084 150.
294 3033 346 3084 151
369 3033 505 3100 apparet,
532 3043 617 3085 exv.
641 3034 693 3086 161
721 3024 873 3103 σκήπτρων
896 3025 1031 3100 βασίλεια
1056 3030 1181 3089 restitui.
1223 3028 1282 3088 Sed

153 3134 229 3175 nunc
252 3123 335 3178 tanto
356 3121 501 3178 molimine
521 3136 578 3178 non
599 3136 664 3178 esse
684 3136 756 3193 opus
777 3125 868 3191 ratus,
888 3121 1041 3179 Tourncrii
1061 3123 1213 3182 lectionem
1236 3139 1280 3182 se·

154 3218 237 3271 entus
258 3229 329 3283 sum,
350 3229 444 3285 neque
466 3215 541 3272 eninr
562 3220 656 3272 mater
669 3214 791 3273 Vulcani
812 3218 862 3270 aut
881 3215 979 3271 nutrix
999 3220 1063 3274 crat
1075 3217 1167 3289 Enyo,
1188 3233 1281 3290 neque

154 3323 270 3365 causam
289 3301 424 3380 babebat,
445 3324 495 3365 cur
509 3307 646 3366 Iunonem
668 3307 826 3365 adiuvaret.
858 3308 990 3379 Denique
1011 3311 1091 3368 nulla
1110 3311 1198 3369 debet
1216 3327 1281 3370 asse
1306 3341 1309 3345 <

153 3400 283 3459 hocloco
296 3401 395 3472 Enyus
409 3401 525 3472 mentio,
546 3415 609 3458 cum
625 3406 655 3458 ct
668 3406 735 3458 ante
749 3400 825 3460 hunc
839 3402 962 3474 versum,
983 3402 1013 3459 in
1028 3419 1085 3473 qua
1105 3403 1174 3461 sede
1195 3405 1281 3477 vulgo

154 3494 308 3565 edebatur,
329 3497 445 3566 etpost
466 3510 531 3550 eum
550 3510 607 3551 non
628 3495 683 3550 nisi
703 3494 820 3552 Iunonis
840 3492 915 3552 filiae
936 3493 1045 3565 filiique
1066 3498 1284 3556 commemorati

154 3589 219 3646 sint.
240 3621 274 3629 -
297 3584 355 3645 174
375 3585 490 3663 αγλαΐην
509 3587 556 3657 Μ,
577 3583 675 3665 ἀγαΐην
696 3604 731 3646 m.
752 3604 795 3660 pr.
816 3589 845 3644 in
860 3589 897 3659 P;
918 3586 1034 3664 ἐφίλισα
1054 3609 1104 3644 και
1124 3589 1224 3668 αγλαὶη
1242 3610 1282 3667 με

154 3680 254 3738 διωκει
273 3682 319 3752 Μ;
350 3681 423 3739 bene
450 3680 583 3738 adhunc
607 3699 719 3741 versum
741 3683 848 3741 Tibulli
862 3683 913 3752 (IV
928 3691 953 3740 2.
969 3686 1008 3754 8.)
1030 3683 1284 3755 subsequitur-

154 3792 220 3847 que
241 3776 349 3833 decor
368 3774 479 3834 confert
500 3773 630 3834 Graefius
650 3793 679 3848 p.
694 3784 759 3836 246.
780 3809 817 3818 —
840 3773 897 3835 1⁷5
918 3795 990 3852 φασι
1004 3795 1039 3832 σε
1049 3776 1094 3848 Μ,
1108 3779 1229 3853 φασίρε
1244 3779 1284 3851 Q,

150 3866 244 3946 μήτηρ
258 3869 389 3941 noum
405 3866 487 3945 ήαως
500 3871 571 3941 AQ3
586 3869 764 3926 αποὸινεσσιν
776 3870 817 3934 Μ,
833 3867 1010 3927 ὑποδίνεασιν
1025 3871 1063 3942 Q3
1078 3865 1172 3937 ἀεξειν
1186 3872 1233 3944 Μ;
1247 3904 1282 3917 ·-

155 3959 213 4022 1⁷6
235 3960 368 4038 ηϋκόρων
386 3983 515 4041 χαριτων
528 3964 575 4036 Μ;
598 3962 673 4042 ιερὸν
686 3965 719 4022 Μ
732 3970 799 4037 post
813 3982 886 4024 corr.
903 3982 938 4024 ex
952 3965 1051 4042 ιερῶν;
1067 3999 1101 4007 -—
1124 3963 1180 4025 177
1199 3964 1285 4045 ηρνή-

154 4073 243 4113 σαντα
252 4055 294 4128 Μ,
309 4052 502 4136 ἀνηρνήσαντα
514 4060 551 4131 Q3
566 4079 601 4115 ou
611 4059 658 4131 Μ;
673 4077 757 4134 ευρες
770 4058 812 4131 M,
826 4054 911 4135 εὗρες
920 4061 961 4130 Ν;
976 4054 1097 4135 ἀρωγόν
1107 4059 1148 4131 Μ,
1164 4059 1286 4118 Bekker
