2880 4606
609 280 818 342 ...10-

233 469 265 536 P
310 466 380 532 cod.
413 467 515 531 Paris.
539 468 623 530 2764
647 465 747 530 chart.
771 487 853 531 saec.
877 467 936 530 XV
958 469 1113 546 exeuntis,
1141 468 1279 550 scriptus

154 589 203 652 ἐπὶ
220 587 361 674 Φούοκης
376 586 550 672 κρατούσης
564 585 598 648 id
614 590 662 649 est
685 586 733 648 ἐπὶ
749 585 959 670 Φοοοκορέιος
979 591 1175 670 κρατοῦντος,
1196 585 1277 651 duos

154 697 360 763 venetiarum
383 695 550 774 Foscario,
580 700 616 760 ut
645 696 783 761 fortasse
805 701 892 762 reete
914 696 993 760 vidit
1016 696 1169 762 Tournier
1191 718 1223 780 p.
1246 699 1276 761 8.

152 806 301 873 Dorvillii
323 807 428 888 gratia
451 805 485 870 in
506 805 660 888 Lennepii
682 827 773 870 usum
794 806 928 872 contulit
948 806 1104 871 Martinus
1121 807 1278 889 Bouquet,

152 935 239 1000 quae
262 915 399 994 collatio,
423 916 504 980 sicut
519 917 614 980 etiam
631 916 748 982 codicis
764 916 799 995 Q,
822 936 906 980 nunc
926 917 1011 981 inter
1026 916 1223 980 Dorvilliana
1244 915 1282 995 X,

153 1029 184 1106 1,
207 1027 238 1090 3.
263 1030 281 1091 5
306 1031 497 1091 asservatur.

236 1145 273 1222 Q
313 1146 382 1210 cod.
406 1145 507 1209 Paris.
531 1147 615 1210 2600
638 1146 739 1210 chart.
755 1165 838 1212 saec.
854 1145 912 1209 XV
929 1146 970 1210 ab
986 1145 1098 1210 eodem
1113 1145 1280 1229 Bouqueto

151 1263 254 1347 primo
281 1263 432 1345 collatus3
466 1264 558 1328 huius
580 1264 697 1328 codicis
730 1265 813 1329 sicut
842 1264 940 1329 etiam
968 1263 1085 1328 codicis
1115 1264 1141 1326 P
1170 1265 1281 1346 imagi-

155 1394 229 1440 nem
252 1375 332 1439 satis
353 1375 490 1455 fidelem,
521 1376 582 1439 nisi
611 1375 697 1458 quod
725 1380 938 1440 correctorum
964 1397 1078 1440 manus
1099 1377 1132 1439 in
1155 1397 1194 1440 ea
1216 1396 1279 1440 non

151 1490 229 1550 sunt
263 1484 449 1565 distinctae,
490 1507 567 1552 suae
601 1486 733 1552 editioni
775 1486 978 1551 adiciendam
1011 1486 1136 1551 curavit
1169 1484 1282 1551 Iulien.

154 1593 340 1659 Caeterum*
357 1595 413 1658 ubi
441 1615 512 1659 mea
541 1595 670 1660 collatio
699 1616 719 1660 a
745 1597 888 1679 priorum
912 1596 1088 1661 editionum
1112 1595 1283 1662 collatione

157 1704 209 1769 vel
231 1705 373 1771 etiama
402 1707 517 1771 Iuliani
545 1707 694 1771 faesimili
721 1707 807 1790 quod
836 1712 969 1773 vocatur
998 1707 1172 1789 discrepat,
1203 1705 1283 1771 mihi

155 1814 216 1881 soli
237 1815 333 1881 fidem
356 1817 538 1881 habendam
561 1839 630 1883 esse
652 1839 723 1883 meo
746 1819 815 1884 iure
838 1817 974 1883 affirmo.

236 1937 273 2003 R
312 1936 383 2000 cod.
407 1935 482 1999 olim
503 1936 592 2000 Eliae
614 1936 766 2014 Putsohii,
791 1936 906 2000 deiude
928 1936 1056 2000 Ioannis
1080 1935 1202 2000 Alberti
1222 1936 1283 2000 Fa-

155 2051 257 2134 bricii,
281 2053 336 2138 qui
357 2054 390 2117 in
405 2054 488 2118 Bibl.
504 2054 617 2120 Graec.
634 2054 694 2119 Vol
710 2056 725 2119 I
744 2077 777 2138 p.
795 2057 857 2120 303
880 2060 955 2119 ante
977 2059 1136 2120 trecentos
1159 2054 1284 2119 circiter

156 2182 257 2229 annos
287 2185 360 2229 eum
389 2166 542 2247 scriptum
573 2186 641 2231 esse
669 2165 780 2231 tradit.
827 2168 942 2232 Postea
975 2166 1008 2229 in
1031 2165 1207 2229 Hermanni
1229 2165 1283 2229 Sa·

156 2273 269 2339 muelis
284 2274 427 2340 Reimari
441 2276 694 2357 Hamburgensis
713 2296 826 2340 manus
848 2275 984 2354 devenit,
1008 2275 1062 2358 qui
1084 2274 1285 2340 collationem

158 2383 238 2447 satis
261 2390 421 2461 accurate,
444 2390 480 2449 ut
502 2384 637 2464 videtur,
660 2384 841 2450 Ruhnkenii
862 2385 969 2466 gratia
991 2385 1182 2463 institutam,
1206 2385 1285 2449 Len-

156 2492 252 2575 nepio
275 2494 441 2558 concessit.
487 2494 551 2560 Ubi
573 2516 655 2560 nunc
677 2496 786 2574 lateat,
810 2496 926 2561 nescio.

241 2614 267 2680 S
312 2612 384 2678 cod.
406 2611 509 2678 Palat.
532 2615 595 2678 319
623 2614 724 2679 chart.
754 2634 837 2679 saeo.
861 2613 935 2694 XV,
966 2633 1050 2678 nuno
1070 2613 1103 2676 in
1126 2612 1285 2678 Vaticana

158 2730 361 2798 Bibliotheca
381 2736 581 2814 asservatus3
604 2752 625 2797 a
646 2753 697 2798 me
718 2733 823 2816 primo
845 2731 991 2797 collatus.

240 2853 276 2919 V
317 2850 418 2918 codex
440 2851 546 2916 neseio
570 2851 641 2932 quis
665 2850 815 2934 (fortasse
829 2870 892 2914 non
909 2849 1051 2915 diversus
1067 2849 1108 2914 ab
1125 2849 1170 2933 S),
1193 2850 1283 2916 cuius

108 2988 111 2996 *
158 2968 287 3035 collatio
309 2970 342 3034 in
357 2968 558 3034 Bibliotheca
572 2969 776 3050 lugdunensi
798 2969 881 3033 inter
895 2969 1113 3051 manuscripta
1128 2968 1286 3035 Vossiana

157 3079 245 3145 Misc.
272 3081 311 3144 13
341 3080 382 3144 ab
412 3080 515 3145 isaaci
537 3079 630 3145 Vossi
657 3099 753 3144 manu
782 3084 917 3144 exarata
939 3083 1044 3160 extat,
1075 3081 1161 3146 unde
1182 3081 1283 3165 negle-

158 3189 342 3272 gentissime
356 3188 551 3273 descriptam
564 3210 635 3255 curn
644 3189 808 3274 Lennepio
821 3190 1283 3256 communicavitValekeuaer.

240 3311 292 3378 W
316 3309 386 3375 eod.
409 3309 592 3374 Marcianus
621 3308 715 3375 class.
738 3309 784 3374 IX
806 3309 875 3376 cod.
900 3313 915 3376 l
937 3311 1037 3376 chart.
1061 3330 1143 3375 saec.
1167 3309 1243 3375 XVI
1264 3330 1286 3375 a

156 3449 207 3496 me
228 3429 334 3514 primo
356 3429 501 3494 collatus.

244 3539 304 3617 Qui
331 3540 456 3606 codices
479 3539 597 3623 quibus
624 3539 708 3605 inter
737 3560 771 3605 se
798 3541 996 3623 cognationis
1024 3540 1157 3606 vinculis
1187 3541 1286 3606 conti·

156 3656 296 3718 neantur
317 3648 411 3716 facile
432 3651 572 3734 perspici
594 3656 710 3734 potest.
737 3651 925 3717 Mutinensis
947 3651 1030 3716 liber
1044 3652 1284 3735 antiquissimus

157 3765 191 3828 et
214 3764 354 3827 omnium
375 3761 577 3845 plenissimus
601 3761 687 3827 solus
709 3761 850 3828 melioris
866 3762 1008 3827 familiae
1023 3762 1115 3826 testis
1129 3768 1285 3846 superest.

155 3857 283 3957 Reliqui
302 3873 427 3938 codices
446 3871 622 3939 deteriores
644 3893 665 3938 a
686 3871 886 3938 Bessarionis
909 3872 1085 3957 exemplari
1107 3874 1196 3940 ducti
1218 3893 1286 3939 esse

155 3982 312 4063 videntur,
336 3983 421 4066 quod
442 3984 566 4068 primus
588 3983 753 4068 perspexit
774 3982 902 4066 Lennep
924 4005 957 4068 p.
973 3983 1028 4050 VI.

243 4093 389 4158 Stemma
410 4113 521 4159 eorum
542 4093 604 4159 hoc
626 4092 705 4158 mihi
727 4094 906 4178 composui:
