2880 4606
597 330 831 393 -109-

155 514 209 557 om.
234 498 272 570 Q3
293 530 328 539 —
349 496 412 556 330
439 493 604 574 ἀπάτερθεν
628 497 675 570 Μ,
700 493 862 574 ἑκάτερθεν
887 497 951 571 0P;
977 498 1023 556 ἐπι
1045 499 1184 572 MOLN3
1209 520 1280 576 προ·

154 589 286 668 θήροισιν
310 592 344 649 Μ
369 597 399 650 et
427 590 508 664 edd,
538 589 714 670 προθύρήοιν
739 590 980 663 ALNQRSW,
1008 591 1184 671 προθόρήσιν
1211 592 1280 664 0P;

154 683 296 760 ἐίήρύκειν
315 684 363 757 Μ;
389 717 424 726 -
449 683 507 743 331
530 680 662 761 ε’ρμιονήν
680 683 728 755 Μ,
752 680 886 761 ἐρμιόνήν
908 685 943 758 G,
964 681 1103 764 ἑρμιὼνήν
1122 687 1161 759 Ρ;
1181 705 1278 744 στενο-

152 797 266 858 χουσαν
279 778 320 850 Μ,
341 776 538 856 στονάγουσαν
559 793 595 836 ex
614 774 818 855 στανάγουσαν
833 776 870 850 03
890 777 1076 855 επειρήσαντο
1089 780 1135 850 Μ;
1156 813 1193 823 -
1213 778 1276 838 332

154 878 221 946 post
240 869 341 929 τέκνον
360 871 620 944 interpunctionem
641 870 740 928 notavi
762 886 798 928 ex
815 869 977 944 LNPQS3
999 870 1073 947 γόων
1088 872 1159 944 Aa,
1180 868 1280 950 ὠγετο

153 967 195 1028 M.
234 965 306 1029 Post
329 966 404 1024 huno
429 978 541 1022 versum
567 964 597 1020 in
617 963 649 1020 M
670 963 801 1035 sequitur
821 980 846 1020 v.
868 969 933 1022 345.
954 996 992 1006 -
1012 961 1071 1023 333
1097 964 1221 1044 νοστήσή
1243 967 1277 1035 G,

155 1057 289 1136 νοστείσή
305 1057 342 1129 03
361 1055 529 1132 παλίνορσον
543 1054 647 1126 LQR,
670 1053 732 1111 ἐπεὶ
751 1053 836 1113 codd.
857 1055 928 1113 dett.
951 1060 981 1113 et
1001 1056 1066 1114 edd.
1082 1062 1150 1116 ante
1164 1059 1279 1117 Belle·

153 1169 232 1224 rum,
258 1153 307 1223 qui
332 1145 376 1207 ἔτι
395 1149 512 1222 scripsit
538 1165 573 1207 ex
595 1149 642 1221 M,
667 1149 773 1220 inquo
799 1145 844 1206 ἐτι
864 1155 916 1209 est.
957 1147 1213 1230 κλαιυυσάνοήσεις
1236 1153 1281 1224 Μ,

158 1244 315 1302 κλαίουσαν
340 1242 491 1312 (κλαίουσα
514 1242 541 1300 A
566 1246 633 1300 ante
659 1248 745 1312 corr.)
775 1239 870 1320 νοήσει
895 1243 977 1304 codd.
1004 1244 1075 1303 dett.
1101 1252 1219 1318 praeter
1243 1246 1280 1318 G,

155 1344 186 1398 et
206 1337 273 1397 edd.
294 1343 362 1395 ante
375 1335 553 1407 Beklrerum,
574 1339 691 1406 praeter
710 1334 819 1407 Steph,
838 1335 980 1406 Lectum,
1001 1337 1119 1395 Portum
1141 1344 1170 1396 et
1183 1339 1282 1397 Eoba-

154 1448 222 1490 num
236 1432 369 1502 Hessum,
390 1431 438 1502 qui
454 1429 530 1501 quod
548 1429 723 1501 anonymus,
744 1429 893 1487 Brodaeus
914 1435 944 1488 et
957 1430 1094 1488 Neauder
1115 1432 1156 1501 (in
1176 1448 1280 1505 marg,

156 1525 208 1596 sed
231 1522 283 1581 οἴει
303 1524 431 1597 scripsit)
452 1522 635 1580 coniecerunt
655 1525 685 1579 et
705 1520 731 1579 G
751 1537 864 1593 quoque
883 1522 979 1595 habet,
1002 1518 1075 1580 ὀίσει
1094 1531 1276 1599 receperunt.

156 1617 295 1677 Probavit
308 1618 363 1676 hoo
375 1616 542 1688 Dcrrillius,
557 1615 604 1686 qui
618 1622 773 1689 praeterea
787 1615 823 1673 de
837 1613 915 1696 νώσρ
929 1616 1084 1690 cogitabat,
1106 1624 1135 1676 et
1148 1617 1280 1693 Lennep,

156 1713 205 1784 qui
226 1716 256 1769 et
275 1711 338 1786 ipse
359 1710 445 1767 aliam
465 1711 541 1767 viam
559 1710 705 1782 ingressus
726 1705 787 1766 ἐπεὶ
807 1709 913 1767 κλαίειν
934 1730 969 1768 σε
990 1710 1084 1790 νοήσει
1104 1712 1277 1771 coniecerat.

156 1803 343 1876 Falkenburg
356 1799 418 1858 ἐπεὶ
431 1801 569 1858 κλαίουσα
582 1800 679 1880 νοήσει
693 1804 912 1876 commendavit,
927 1804 1003 1875 quod
1017 1805 1190 1878 improbavit
1203 1805 1278 1863 Len·

156 1914 221 1972 nep,
242 1885 429 1954 »Hermiones
444 1895 527 1963 enim,
549 1911 605 1953 non
622 1910 690 1953 vero
703 1894 843 1967 Helenae,
864 1902 963 1970 partes
977 1898 1024 1954 hio
1038 1903 1121 1955 erant
1134 1899 1276 1971 plorare«

156 1991 262 2060 Julien,
288 2005 325 2047 ue
345 1989 458 2047 scilicet
477 1985 575 2066 νοήσει
594 1987 707 2046 obiecto
728 1994 836 2060 eareat,
860 1989 923 2047 colo
944 1995 1010 2063 post
1030 1987 1162 2068 νοστήσει
1181 1992 1281 2065 posito

157 2101 193 2143 ex
211 2083 303 2156 Lon
322 2081 490 2159 παλίνορσον
510 2081 623 2155 recepit
644 2086 756 2138 etcum
777 2076 872 2158 νοήσει
892 2083 1046 2140 coniunxit.
1081 2083 1174 2141 Lehrs
1195 2081 1276 2161 νοσή-

157 2194 219 2242 σεις
232 2176 389 2235 Hermanni
410 2176 605 2233 coniecturam
627 2179 668 2249 (p.
687 2177 735 2245 21)
756 2175 875 2248 recepit,
898 2174 934 2232 de
955 2191 1011 2246 qua
1024 2181 1104 2234 recte
1119 2176 1282 2234 Schneider*

156 2287 185 2345 p.
208 2276 263 2330 445
284 2269 438 2327 iudicavit:
468 2285 549 2326 inam
577 2266 710 2346 νοοήσεις
736 2273 796 2324 tum
817 2267 930 2325 demum
950 2285 1049 2326 verum
1071 2277 1162 2342 esset,
1184 2271 1208 2327 si
1229 2286 1282 2328 new

157 2364 284 2422 cessario
305 2362 359 2432 hoo
378 2361 522 2420 distichon
542 2377 605 2418 oum
633 2359 819 2431 sequentibus
844 2360 974 2419 versibus
1000 2369 1078 2420 esset
1104 2365 1277 2436 coniungen-

158 2458 225 2517 dum
246 2457 296 2515 ubi
316 2473 408 2530 genae
427 2455 527 2514 labare
547 2457 679 2527 oculique
702 2457 892 2526 languescere
913 2456 1054 2514 dicuntur.
1085 2474 1160 2515 nuno
1182 2464 1281 2516 autem

157 2550 229 2609 nihil
250 2549 372 2626 impedit
391 2551 460 2622 quin
483 2550 721 2609 antecedentibus
741 2550 921 2617 adnectatur,
942 2550 991 2608 ubi
1012 2551 1125 2610 Helena
1146 2567 1211 2609 mox
1234 2568 1284 2609 rev

158 2644 256 2703 (litura
280 2644 411 2702 dicitur«
438 2675 476 2685 -
500 2640 562 2700 334
588 2639 736 2718 οὐχοράας
755 2642 800 2714 Μ;
827 2639 891 2720 οὐχ’
918 2642 948 2702 (l.
990 2644 1071 2702 »Etsi
1099 2646 1204 2720 γοεραί
1222 2644 1282 2702 dici

157 2738 254 2812 potuit
266 2754 319 2812 pro
334 2735 380 2794 ool
393 2738 488 2815 γοερή,
503 2736 667 2793 concinnius
681 2741 777 2793 tamen
790 2734 866 2794 foret
876 2733 980 2812 ρόδεαι
993 2735 1028 2793 cf.
1041 2753 1138 2808 sequ«
1159 2736 1282 2796 Graes,

157 2846 187 2904 p.
210 2836 274 2888 255.
295 2862 324 2870 —
349 2848 403 2905 μεν
427 2824 576 2903 ἐπιμύουσι
595 2828 637 2900 Μ,
658 2826 733 2885 undc
753 2822 910 2904 ἐπήμύουσι
935 2829 1046 2903 scripsi,
1072 2845 1136 2887 oum
1160 2830 1283 2888 verbum

156 2921 273 3000 ὑπήμιίυι
298 2938 420 2994 uusqum
446 2922 624 2996 reperiatur,
649 2921 704 2978 nisi
729 2919 803 2979 forte
821 2919 941 2980 formam
960 2923 1142 2981 Homericam
1163 2920 1280 3003 ὑπεμνή-

154 3031 231 3094 μυκε
249 3015 315 3073 hinc
336 3015 469 3074 derivare
490 3016 570 3073 velis,
601 3011 794 3089 ὑπομύουσιΟ
815 3031 850 3073 ex
868 3013 960 3092 hapa,
983 3011 1158 3093 ὑπήμύουσαι
1171 3016 1283 3092 PSW,

157 3106 313 3186 ἰπήγιύουσι
334 3109 397 3166 rell.
418 3108 502 3167 codd.
523 3112 553 3165 et
573 3108 637 3166 edd.
658 3125 765 3177 omnes,
787 3109 863 3179 quod
884 3108 1013 3168 defendit
1032 3110 1173 3169 Tournier
1192 3129 1223 3186 p.
1242 3117 1279 3170 40

156 3203 232 3260 hunc
256 3202 375 3261 Homeri
400 3218 515 3260 versum
542 3202 586 3272 (Il.
611 3201 696 3260 XXII
722 3206 804 3272 tali:
829 3201 920 3259 πάντα
945 3199 972 3259 δ’
1008 3202 1202 3283 ὑπεμνήμυκε,
1233 3203 1279 3260 δε-

157 3293 312 3370 δάκρυνται
337 3293 371 3353 δὲ
395 3296 513 3372 παρειαί
532 3313 551 3355 a
578 3295 709 3355 Collutho
739 3296 878 3354 imitando
905 3313 1071 3371 expressum
1099 3314 1162 3356 esse
1187 3302 1279 3367 ratus,

156 3393 318 3464 praeeunte
334 3387 475 3447 Guilelmo
489 3387 639 3448 Diodorfio
656 3390 685 3445 in
698 3390 853 3447 novissima
866 3389 1008 3447 Thesauri
1028 3389 1162 3449 editione.
1183 3389 1283 3460 Lege·-

157 3483 243 3541 batur
261 3483 291 3539 in
311 3482 394 3541 codd.
416 3488 445 3540 et
466 3483 531 3541 edd.
552 3483 682 3541 omnibus
697 3516 733 3524 —
750 3502 814 3540 ουσι
833 3480 951 3558 παρειαί
965 3500 990 3539 ν.
1006 3490 1071 3554 334,
1093 3489 1123 3541 et
1144 3516 1178 3523 -
1200 3500 1283 3539 ουσιν-

157 3572 274 3632 ὀπωπαί
288 3593 313 3633 v.
335 3583 405 3648 3353
432 3576 484 3634 scd
509 3593 642 3634 versuum
666 3578 810 3635 clausulas
830 3575 971 3652 probante
992 3578 1081 3635 etiam
1101 3574 1279 3636 Schneidero

156 3685 226 3727 rec.
252 3686 281 3743 p.
305 3675 367 3727 194.
396 3676 449 3728 195
476 3675 556 3728 recte
581 3671 760 3744 transposuit
784 3670 925 3745 Tournier
949 3687 977 3744 p.
1002 3676 1053 3740 40,
1079 3670 1127 3727 ubi
1152 3685 1188 3728 ne
1215 3669 1278 3740 quis

157 3760 256 3839 γοεραί
275 3764 367 3820 minus
388 3768 456 3837 apte
477 3763 514 3821 ad
535 3758 645 3820 ὀπωπαί
665 3762 769 3821 referri
788 3779 874 3836 posse
894 3763 1009 3835 obiciat,
1031 3763 1141 3822 confert
1163 3761 1217 3821 Od.
1238 3763 1278 3820 IV

158 3857 214 3915 '758
234 3852 328 3934 σχέθε
348 3849 379 3912 δ’
398 3852 470 3913 ὄσσε
492 3855 580 3932 γόοιο,
598 3858 691 3916 Noun.
708 3856 791 3914 Dion.
806 3857 846 3915 IV
861 3862 897 3914 64
918 3854 1056 3932 γοήμονος
1076 3852 1184 3931 ὄμβρον
1205 3854 1279 3912 ὅπου·

157 3949 218 4027 πῆς,
240 3951 306 4008 alia.
329 3982 363 3991 -
384 3948 444 4008 335
465 3949 557 4007 πυκνὰ
576 3949 610 4008 δὲ
630 3952 662 4009 M
679 3957 694 4009 1
716 3967 752 4009 ex
770 3949 924 4023 πυκνὰσε;
944 3970 1032 4027 πικρα
1046 3950 1079 4022 V,
1099 3949 1187 4027 πικρὰ
1201 3951 1282 4023 SW,

157 4041 235 4120 quod
260 4059 316 4102 nou
344 4043 494 4114 inelegans
520 4059 583 4101 esse
609 4042 746 4102 iudicavit
769 4045 898 4118 Lennep‚
937 4041 1033 4120 πυκρὰ
1057 4043 1095 4115 Ρ,
1120 4044 1214 4122 πυγνὰ
1239 4045 1283 4115 L·,
