2880 4606
565 317 779 379 ..79-

300 500 351 577 νήα
368 498 422 575 μὲν
442 495 491 556 οῦν
511 497 614 578 ἐνόησε
634 499 683 556 καλ
703 497 756 557 οὐκ
776 496 900 579 ἤσκησεν
917 499 1042 580 Ἀθήνηι

109 611 270 670 Schneider
290 629 318 683 p.
334 618 390 669 440
412 610 576 670 Colluthum
596 612 641 668 rel
662 611 700 669 ad
714 611 833 670 Homeri
854 614 1015 685 exemplum
1036 615 1090 685 (IX
1104 624 1159 676 283
1182 615 1232 675 νέα

104 703 159 780 μέν
182 724 231 779 μοι
257 701 383 771 κατέαξε
411 700 578 759 Ποσειδάων
603 700 779 780 ἐνοσίχθων)
812 702 879 768 νέας
904 701 940 769 ἃς
964 701 1017 762 οὐκ
1045 704 1163 784 ἐνόησεν
1190 714 1235 781 (ut

105 797 243 855 ediderat
270 795 418 864 Sohaefer)
445 796 596 867 scripsisse
623 797 668 854 vel
695 797 793 855 Attico
818 814 900 855 usum
927 815 991 856 esse
1018 800 1086 865 ναῦς
1109 805 1231 874 putavit.

109 898 281 963 »utrumque
301 896 398 949 autern
419 891 543 961 scripsit,
563 890 593 945 in
614 907 647 949 eo
668 907 724 949 non
746 891 803 948 erit
820 891 1007 965 haerendum,
1028 894 1103 964 quod
1125 912 1231 968 epana-

105 985 197 1056 lepsis
218 981 310 1056 figura
330 999 398 1040 usus
414 981 563 1040 Colluthus
576 983 733 1053 repetitam
746 998 845 1041 vocem
859 984 1008 1055 paululum
1027 987 1232 1048 immutaverit.

104 1094 173 1135 nam
187 1094 206 1134 a
220 1077 273 1134 tali
287 1077 434 1133 anxietate
451 1081 481 1133 et
495 1075 545 1132 alii
558 1090 646 1148 saepe
661 1084 765 1148 poetae
780 1077 867 1135 alieni
880 1076 997 1136 fuerunt
1017 1078 1080 1149 (cfr.
1095 1081 1233 1141 Meineke

108 1170 146 1228 ad
168 1169 335 1229 Callimach.
356 1187 384 1241 p.
400 1174 468 1239 248)
489 1175 518 1226 et
538 1185 640 1242 parum
662 1171 741 1228 illam
761 1172 856 1243 legem
871 1180 1009 1231 curarunt
1027 1174 1112 1232 huius
1133 1180 1231 1234 sectae

105 1269 226 1336 poetae:
252 1261 302 1320 cfr.
317 1263 410 1320 Nonn.
424 1262 543 1334 Dionys.
558 1263 604 1333 47,
619 1268 675 1322 486
697 1257 816 1319 ἔκτανεν
843 1263 922 1320 υἱέα
944 1263 1045 1342 μήτημ,
1070 1263 1163 1344 μήτημ
1184 1263 1232 1324 ἔκ-

105 1374 192 1413 τανεν
212 1352 277 1412 υἷα.
307 1356 447 1427 Paraphr.
464 1354 492 1411 Σ
503 1362 538 1413 41
962 1356 1074 1415 τελέθω

269 1446 418 1512 Γαλιλαῖος
434 1444 558 1524 Ἰησοῦς,
582 1445 692 1524 Ἰησοῦς
713 1446 861 1514 Γαλιλαῖος
881 1446 940 1524 ἐγὼ
961 1448 1073 1509 πέλονι.

107 1560 173 1631 Ego
194 1575 258 1616 curn
280 1564 309 1615 et
330 1558 397 1622 νέας
417 1555 453 1622 ἃς
472 1563 503 1616 et
523 1557 591 1621 ναῦς
610 1555 646 1621 ἃς
666 1574 683 1615 a
703 1559 798 1616 Nonni
827 1560 945 1630 eiusque
972 1565 1147 1619 sectatorum
1168 1566 1233 1620 arte

105 1670 228 1726 prorsus
249 1649 405 1710 abhorrere
425 1650 634 1723 reputaverim,
662 1651 828 1708 dubitanter
849 1653 918 1728 νήας
937 1648 968 1708 δ’
988 1649 1042 1708 οὐκ
1062 1655 1173 1726 scripsi.
1198 1673 1230 1696 ·-

106 1743 161 1801 οὐκ
181 1743 283 1822 ενόησε
311 1741 358 1800 καλ
378 1741 557 1820 οοκήσκησεν
577 1744 624 1816 Μ,
650 1745 738 1801 tacite
764 1761 836 1803 corr.
857 1743 983 1802 Benker.
1011 1778 1045 1786 -
1073 1743 1140 1804 202
1168 1743 1236 1823 ἄρτι

107 1838 190 1919 cxM
211 1837 329 1895 Bekker
350 1844 460 1910 etpost
481 1853 545 1894 eum
561 1836 635 1906 edd,
657 1835 718 1892 ἀντὶ
737 1837 800 1894 rell.
815 1837 898 1896 codd.
914 1843 944 1895 et
965 1837 1045 1909 edd.;
1065 1869 1102 1880 —
1120 1858 1172 1913 μεν
1186 1840 1234 1911 Μ;

106 1931 224 1988 ελδαιων
245 1925 331 2007 ὀρέος
343 1930 390 2002 Μ;
410 1928 552 2007 ηλλάξοτο
567 1931 607 1999 Μ,
622 1928 760 2006 ήλλέξατο
775 1931 810 2004 Α,
826 1927 963 2000 ἐλλέξατο
980 1933 1018 2004 Q3
1046 1965 1072 1972 ·
1097 1931 1162 1991 203
1177 1930 1234 1990 ἐπι-

104 2042 213 2101 κουρον
227 2025 274 2096 Μ;
300 2043 496 2100 εφεσπομενην
509 2025 557 2095 Μ,
582 2020 779 2100 ἐφέσπομένην
792 2024 832 2095 Α;
863 2023 1079 2102 αςηοοδιτηνΜς
1105 2059 1141 2068 -
1168 2024 1235 2084 204

102 2117 265 2176 ακταίοισιν
275 2118 322 2189 Μ;
336 2115 525 2192 ἱλασσάμενος
535 2117 576 2188 Μ,
597 2115 784 2192 ἱλασσάμενος
796 2117 818 2176 G
832 2125 899 2176 curte
913 2135 997 2189 corr,
1011 2117 1101 2190 LNR,
1123 2117 1235 2175 ἱλασσά-

99 2263 193 2320 μενος
203 2244 226 2304 0
236 2249 303 2317 post
313 2261 397 2316 corr,
412 2207 598 2320 ῖλήθχσόμενος
611 2245 643 2316 Ρ,
666 2243 852 2318 ἱλασκόμενος
867 2243 945 2315 SW,
966 2215 1155 2319 ἱλασκόμενος
1167 2244 1234 2316 AQ,

107 2335 299 2412 ἱλασσάμενος
312 2338 415 2410 scripsi
429 2337 605 2396 Schneidero
619 2337 773 2396 obsecutus
796 2353 878 2395 »nam
900 2353 934 2396 eo
948 2339 1011 2409 ipso
1032 2341 1163 2410 tempore
1179 2354 1235 2409 quo

103 2446 197 2503 super
216 2434 333 2502 tergora
345 2431 433 2488 maris
447 2431 612 2502 navigabat,
633 2429 800 2494 ἀκταιόις
820 2430 936 2502 quidem
956 2428 1103 2488 sacrificiis
1118 2432 1235 2504 placare

104 2523 195 2582 deam
205 2523 287 2582 Paris
301 2541 357 2583 non
370 2525 492 2596 potuit«.
517 2524 575 2582 Sed
589 2524 679 2581 falsus
695 2529 759 2581 erat
770 2523 928 2582 Schneider
941 2541 969 2596 p.
978 2531 1033 2582 426
1049 2525 1144 2596 ipsum
1159 2523 1235 2581 ἱλασ-

107 2615 236 2692 σάμενος
249 2618 278 2674 in
288 2618 321 2675 M
332 2623 481 2676 exaratum
494 2633 558 2676 esse
569 2616 700 2676 credens.
714 2649 748 2658 —
762 2614 880 2673 θσέσσιν
889 2618 932 2687 R3
951 2649 981 2656 —
998 2615 1063 2674 205
1079 2612 1176 2674 ἔλλεεν
1189 2617 1235 2688 Μ;

106 2706 295 2786 ἐλλήσποντον
308 2712 350 2784 Μ,
364 2709 528 2768 ἑλὶσποντον
544 2712 582 2782 Q;
603 2707 727 2786 ἐπευμέα
740 2710 817 2781 M0;
838 2707 989 2782 θαλάσσης
1003 2708 1072 2781 MG,
1094 2715 1124 2768 et
1139 2711 1236 2781 glossa

106 2804 137 2862 in
152 2804 183 2877 G,
203 2802 328 2882 τηθήνης
342 2804 379 2877 G,
400 2802 515 2880 τιθήνης
534 2805 596 2862 rell.
617 2803 700 2862 codd.
722 2809 752 2862 et
766 2803 830 2863 edd.
845 2818 957 2873 omnes,
984 2808 1103 2874 praeter
1123 2803 1234 2872 Lehrs,

104 2899 159 2969 qui
180 2896 301 2975 γαλήνης
319 2899 432 2970 recepit
452 2915 488 2956 ex
507 2899 685 2970 coniectura,
711 2914 796 2969 quarn
821 2896 890 2954 fecit
916 2895 1036 2968 Lennep
1061 2897 1235 2968 comparatis

106 2993 214 3050 umbi
228 2998 259 3050 et
270 2998 334 3063 362,
346 2998 376 3049 ct
391 2992 483 3051 Nonn.
494 2999 564 3064 3‚60
579 2987 682 3062 (ἄπνοα
692 2988 826 3068 σιγαλέης
838 2987 1014 3047 ἐτανύσσετο
1028 2989 1120 3047 νῶτα
1134 2987 1237 3068 γαλή-

73 3133 76 3135 .
108 3087 185 3161 νης)
201 3088 231 3142 et
243 3085 376 3157 probavit
389 3085 536 3142 Hermann
546 3103 575 3157 p.
585 3085 628 3142 17.
649 3084 751 3151 Iulian,
766 3091 882 3141 secutus
896 3099 914 3140 a
929 3081 1093 3156 Schaefero,
1114 3084 1144 3142 id
1159 3084 1236 3155 quod

111 3179 276 3237 coniecerat
286 3177 373 3236 etiam
383 3176 542 3248 Brodaeus,
553 3175 776 3248 repudiaverant
790 3180 887 3232 autem
896 3174 1053 3232 Dorviilius
1065 3180 1095 3232 et
1104 3175 1235 3249 Lennep‚

107 3267 269 3347 θαλάσσης,
290 3270 390 3328 edidit.
422 3268 526 3329 Gonfer
540 3270 628 3327 etiam
643 3267 786 3327 Graefium
807 3286 835 3341 p.
851 3274 920 3326 249:
944 3268 1099 3326 »Fortasse
1120 3265 1235 3345 τιθήνης

102 3363 269 3436 ‘proximum
293 3379 408 3421 versum
432 3363 602 3435 claudebat,
627 3362 664 3420 ad
691 3377 775 3434 quem
800 3361 912 3419 librarii
936 3363 1035 3419 oculus
1063 3378 1127 3419 cum
1154 3361 1235 3419 aber·

107 3461 214 3522 mosset,
234 3453 341 3513 iactum
362 3461 415 3526 est,
441 3461 474 3513 ut
493 3455 582 3514 verba
601 3455 774 3527 interposita
795 3455 1005 3512 omitterentur.
1044 3457 1091 3514 Ita
1110 3454 1234 3527 cogitari

104 3555 189 3609 certe
209 3554 315 3623 potest,
336 3566 415 3608 mare
436 3546 548 3626 τιθήνην
568 3566 586 3607 a
605 3549 719 3606 Venere
739 3548 851 3606 marina
871 3549 976 3619 vocari,
998 3549 1101 3607 veluti:

211 3672 311 3735 ἔπλεεν
326 3674 529 3754 Ἑλλήσποντον
549 3674 598 3734 ἐπ’
618 3672 706 3754 εὐρέα
725 3677 804 3734 νῶτα
825 3674 1023 3753 θαλάσσης·

211 3765 288 3828 οὐδ’
308 3769 394 3835 ἁλὸς
413 3767 491 3828 οἶδε
511 3769 579 3827 θεὰ
606 3767 809 3846 λειαινέμεν
830 3766 936 3845 οἶδμα
956 3767 1109 3846 τιθήνης.

107 3901 203 3959 relate
224 3899 261 3958 ad
282 3917 307 3960 v.
322 3907 410 3960 202s.
440 3899 499 3958 Sed
518 3898 537 3956 f.
559 3896 674 3978 τιθήνης
693 3905 787 3958 ortum
808 3904 909 3958 estex
934 3898 1008 3956 male
1033 3896 1161 3968 repetita
1180 3897 1235 3968 syl·

105 4027 178 4087 laba
197 4032 344 4102 postrema
356 4043 417 4086 voc.
439 4026 526 4082 νῶτα
547 4031 577 4086 et
590 4027 723 4100 genetivo
738 4023 891 4100 θαλάσσης
905 4040 958 4098 per
972 4023 1121 4096 compend.
1136 3985 1236 4080 aare}
