2880 4606
618 324 830 388 ..89-

157 514 285 592 χιονεοῖο
310 511 443 584 Aona,
468 507 594 587 χιονέοῖο
614 511 655 582 L;
680 509 874 586 λοεσσαμενος
893 511 939 582 Μ;
969 543 1000 553 -
1030 509 1095 571 232
1121 507 1217 590 ὤχετο
1237 513 1282 584 Μ;

158 605 255 677 ὑπΜ;
277 603 402 682 ὶχνεσσιν
415 604 457 675 Μ,
479 601 603 682 ἴχνεσσιν
616 605 775 677 NPQSW
794 623 826 676 o;
848 623 928 683 ιχνος
945 604 993 676 Μ;
1014 604 1134 681 ἐρειδιον
1148 606 1189 677 Μ,
1210 601 1284 682 ἐρεί-

159 698 219 758 δων
238 696 358 756 Bekker
377 702 407 756 et
427 703 494 770 post
514 713 578 757 eum
600 697 675 766 edd,
698 694 817 772 ἐρείσας
836 698 898 758 rell.
920 697 1003 756 codd.
1025 703 1055 756 et
1075 698 1140 756 edd.
1163 731 1199 740 —
1222 697 1283 757 283

156 813 196 870 μη
215 792 263 864 Μ;
284 789 449 868 ὶμερόεντες
461 790 503 863 Μ,
525 789 595 866 hisp.
609 790 645 863 A,
666 787 745 867 ἣμερ.
766 796 834 848 ante
855 806 928 848 corr.
950 791 995 861 O.;
1014 788 1221 869 ὑπανχροὶντοιο
1241 791 1283 859 Μ,

158 883 202 944 ὑπ’
216 882 375 963 ἀχράντοιο
388 882 516 955 AOLN,
536 883 560 940 P
575 882 606 939 in
624 889 714 956 textu,
735 883 807 955 ΩΒ,
831 888 861 941 et
874 882 912 941 W
925 883 955 939 in
969 887 1059 955 textu,
1079 879 1284 960 ὑποχραίνοντο

158 979 194 1052 S,
214 979 239 1037 P
258 979 288 1035 in
308 993 400 1049 marg.
421 993 447 1035 a.
468 992 504 1034 m.
527 983 558 1048 2,
580 975 618 1034 W
638 977 667 1033 in
690 992 780 1047 marg.
803 993 828 1034 a.
849 992 886 1032 m.
910 983 940 1048 l,
966 983 996 1035 et
1021 976 1086 1034 edd.
1107 993 1222 1045 omnes,
1248 994 1284 1036 ex

158 1073 327 1131 coniectura
353 1086 423 1129 sane
448 1070 676 1142 speciosissima3
705 1069 774 1127 »sed
795 1086 881 1141 quum
908 1070 1008 1142 scripti
1027 1070 1095 1128 libri
1115 1086 1213 1129 omues
1233 1070 1284 1127 ba·

157 1163 248 1222 beant
273 1159 316 1220 r‘m'
342 1159 498 1240 ἀχράντοιο
524 1159 748 1239 (ὑπανχράντοιο
768 1162 855 1232 Mus.)
883 1160 1099 1239 ὑποχραίνοιντο
1125 1168 1221 1220 autem
1248 1178 1284 1221 ex

158 1257 222 1316 solo
247 1256 314 1328 [il]
334 1255 441 1314 Aldino
468 1255 625 1329 exemplari
649 1255 679 1311 in
705 1254 846 1313 editiones
867 1257 980 1313 venerit
999 1256 1123 1326 indeque
1145 1256 1232 1313 etiam
1252 1257 1283 1312 in

159 1349 289 1409 codicem
305 1348 466 1408 Gothanum
489 1348 539 1422 [ex
559 1364 615 1419 quo
641 1348 713 1405 nihil
733 1347 908 1406 aPassowio
929 1351 1087 1420 enotatum]
1113 1364 1197 1419 quem
1217 1347 1282 1406 aliis

158 1456 273 1515 quoque
290 1440 403 1498 indiciis
417 1441 547 1498 intellexi
561 1457 597 1498 ex
611 1439 689 1499 edito
704 1439 828 1511 quodam
843 1441 1001 1513 exemplari
1016 1441 1192 1514 descriptum
1207 1456 1281 1514 esse,

160 1536 311 1608 aliquanto
331 1538 377 1592 est
393 1534 579 1602 ,verisimilius
600 1533 671 1591 illud
692 1549 755 1591 esse
775 1549 884 1603 verum,
905 1534 957 1592 sed
973 1535 1077 1592 lacuna
1091 1536 1184 1594 locum
1198 1535 1281 1592 vitia·

158 1634 221 1686 tum
242 1644 315 1698 esse,
335 1634 368 1686 ut
388 1626 475 1685 scribi
494 1632 639 1700 praestet:

310 1769 350 1850 μὴ
369 1770 457 1837 πόδες
477 1771 641 1848 ἱμερόεντες
661 1770 703 1831 ὑπ’
724 1771 880 1850 ἀχράντοιο
901 1774 1048 1853 [χιτῶνος]

314 1907 848 1923 ............
908 1868 1030 1946 κονίης(
1081 1868 1283 1927 Schneider

159 2021 188 2077 p.
210 2009 275 2075 412,
302 2004 349 2062 cui
373 2004 526 2063 obsecutus
552 2020 622 2063 sum.
649 2036 686 2045 —
713 2003 810 2082 κονίχς
829 2004 893 2075 PS3
917 2005 1096 2078 genetivum,
1122 2005 1169 2064 cui
1188 2006 1282 2064 Iulien

160 2099 190 2155 in
211 2099 414 2156 commentario
435 2097 563 2156 dativum
578 2099 656 2176 κονίῃ
671 2097 848 2155 substituere
862 2097 986 2170 volebat,
1009 2098 1167 2157 Schneider
1181 2117 1210 2172 p.
1225 2105 1281 2157 412

161 2192 252 2250 tuitus
273 2195 318 2249 est
338 2191 451 2249 collatis
467 2191 550 2250 Hom.
573 2189 626 2248 Od.
645 2197 690 2257 18,
707 2197 741 2248 21
761 2188 864 2267 χείλεα
883 2186 987 2266 φύρσω
1007 2190 1136 2266 abactor,
1158 2192 1280 2264 Oppian.

158 2285 226 2342 Hal.-
245 2292 271 2358 5,
292 2286 347 2344 277
367 2283 457 2361 πόρος
479 2281 596 2361 λόθροιο
616 2281 764 2361 πέφορται,
786 2282 816 2341 id
832 2291 858 2357 5,
880 2291 934 2344 269
956 2280 1073 2360 λόθροιο
1093 2282 1279 2361 φορύσσεται.

158 2409 195 2420 -
218 2375 281 2436 234
298 2397 338 2455 μη
358 2378 404 2450 Μ,
431 2396 561 2454 κονεησιν
581 2378 626 2450 Μ,
647 2376 778 2458 νιονέχσιν
797 2377 930 2451 Bekker,
956 2376 1094 2455 κονέηόεν
1113 2379 1176 2437 rell.
1197 2376 1280 2438 codd.

159 2476 191 2530 et
204 2471 269 2529 edd.
285 2477 352 2530 ante
366 2471 540 2542 Bekkerum,
562 2470 679 2547 γαίηθεν
694 2473 766 2531 coni.
796 2472 988 2544 Dausqueius,
1010 2462 1143 2550 κονέρφιν
1164 2472 1281 2545 scripsit

160 2565 254 2623 Iulien
269 2569 300 2624 et
312 2566 425 2638 recepit
441 2565 543 2636 Lehrs,
565 2582 628 2623 cum
642 2566 788 2625 Hermann
809 2584 837 2639 p.
853 2573 889 2624 18
911 2571 1089 2625 annotasset:
1113 2565 1281 2624 »Bekkerus

159 2674 176 2715 c
201 2658 263 2717 cod.
288 2659 363 2718 Mat.
394 2660 496 2733 opinor
525 2659 608 2717 dedit
633 2658 771 2737 κονέχσιν.
815 2659 941 2716 Iulianus
967 2675 1003 2716 ex
1033 2650 1200 2718 coniectura
1224 2675 1281 2719 non

157 2751 232 2809 male
254 2750 395 2831 κονέχφιν.
429 2753 558 2824 Vulgata
578 2749 715 2829 κονέηθεν
737 2753 761 2827 si
781 2769 851 2810 vera
871 2757 924 2824 est,
945 2750 1144 2824 coniungenda
1159 2758 1203 2810 est
1216 2767 1281 2809 cum

158 2841 384 2903 ἀναστέλλοιεν.ι
416 2843 550 2925 κονέχφιν
570 2846 743 2919 improbavit
759 2846 918 2906 Schneider
938 2864 966 2919 p.
979 2853 1046 2920 412,
1068 2862 1152 2904 »nam
1171 2844 1280 2905 formae

159 2939 191 2995 in
210 2957 245 3014 φι
264 2945 402 2999 excuntes
428 2945 460 2998 ut
480 2941 557 3013 apud
576 2941 752 3000 recentiores
778 2947 880 3013 poetas
900 2942 1066 3000 rarissimae
1087 2945 1161 3013 sunt,
1181 2940 1224 2997 ita
1243 2937 1279 2999 ab

157 3031 254 3091 Nouni
274 3033 380 3104 quique
401 3049 465 3092 eum
486 3034 682 3105 sequebantur
701 3051 755 3092 usn
775 3035 861 3107 plane
882 3039 949 3092 sunt
969 3035 1092 3094 alienae.
1123 3032 1158 3093 cf.
1178 3033 1280 3092 Lehrs.

86 3174 91 3181 .
160 3129 273 3196 quaest.
295 3141 339 3198 ep.
360 3144 388 3198 p.
411 3134 466 3185 306
477 3142 537 3198 seq.
558 3128 729 3199 praestabat
749 3127 845 3184 dicere
868 3127 1031 3186 Oolluthum
1051 3129 1136 3186 metri
1157 3127 1280 3186 necessi·

157 3222 221 3276 tate
241 3224 372 3277 coactum
392 3220 534 3292 pluralem
554 3221 686 3294 posuisse
706 3237 759 3293 pro
780 3220 932 3292 singulari,
957 3226 990 3277 ut
1014 3218 1084 3278 fecit
1103 3237 1128 3278 v.
1153 3228 1206 3279 182
1227 3219 1278 3277 κά-

152 3329 229 3388 ρηνα
240 3327 344 3371 vocans
354 3313 430 3372 Iovis
441 3320 556 3387 caput«
571 3346 604 3355 -
617 3312 816 3389 επιβρίσαντες
821 3314 862 3387 Μ,
874 3309 1075 3390 ἐπιβρίσαντες
1084 3314 1243 3386 Aetnen
1253 3317 1279 3385 b,

157 3403 330 3479 Stephanus,
351 3406 479 3478 Lectius,
500 3408 605 3465 Portus
627 3413 657 3466 et
676 3407 742 3465 edd.
763 3407 830 3465 inde
851 3424 869 3466 a
889 3407 1047 3480 Lennepio,
1072 3402 1279 3483 ἐπιβρίσαντες

155 3496 283 3558 PSVW
304 3504 335 3559 et
355 3500 421 3559 edd.
441 3505 509 3559 ante
523 3501 622 3574 Steph.
639 3501 763 3561 Caetera
776 3501 860 3560 huius
874 3503 1078 3574 sequentisque
1092 3518 1192 3560 versus
1206 3501 1279 3559 haec

150 3584 203 3649 'est
214 3593 295 3650 varia
305 3594 404 3653 lectio:
417 3589 584 3671 ἒόείσαςΜ,
596 3595 721 3668 Behker,
733 3596 834 3669 Iulien,
845 3597 946 3668 Lehrs,
958 3591 1070 3673 ἔθειραι
1079 3597 1143 3655 rell.
1154 3594 1237 3655 codd.
1249 3600 1279 3653 et

157 3685 223 3743 edd.
245 3693 312 3746 ante
326 3687 463 3762 Lennep,
486 3690 534 3761 qni
548 3689 709 3761 Dausqueii
729 3690 923 3749 coniecturam
937 3685 1069 3766 ἐθείραις
1081 3689 1194 3761 recepit
1214 3704 1278 3748 sua·

156 3778 245 3838 dente
265 3782 352 3839 etiam
373 3781 522 3842 Dorvillio.
546 3816 579 3824 —
602 3781 775 3848 σπεύδοντες
788 3784 820 3840 Μ
834 3789 864 3842 et
879 3783 929 3854 SQ
944 3781 981 3854 (ἓ)
1003 3789 1070 3842 ante
1090 3798 1176 3854 corn,
1196 3780 1278 3838 σιτεό-

155 3871 256 3930 δοντον
266 3876 293 3932 Α
306 3881 374 3948 post
388 3892 461 3935 corr.
476 3873 658 3934 ἀναστέλοιεν
669 3877 711 3949 Μ,
726 3875 927 3933 ἀναστέλλοιεν
941 3876 1006 3935 edd.
1023 3874 1091 3933 inde
1105 3875 1277 3947 aBekkero,

154 3961 361 4041 ἐπαντέλλοιεν,
382 3975 415 4028 nt
435 3971 506 4028 coni.
547 3971 745 4044 Dausqueius,
767 3969 924 4028 APSRW
944 3969 1072 4041 Lennep.
1093 3969 1207 4028 Harles.
1234 3965 1278 4026 ἐπ’

154 4059 314 4119 ἀντέλλοιεν
326 4062 426 4136 OLN,
436 4059 619 4121 ἐπαντέλοιεν
630 4065 694 4137 Qv,
708 4061 917 4122 ἐπαντιτέλοιεν
929 4063 994 4121 edd.
1006 4068 1074 4122 ante
1084 4063 1228 4137 Lennep3
1244 4095 1277 4104 -
