2880 4604
612 330 823 393 „35-

161 517 330 575 Hermanni
334 523 397 574 sent
385 517 487 588 tentia,
502 517 550 587 qui
570 533 598 587 p
614 523 650 574 10
664 516 809 587 vulgatam
824 515 996 588 scripturam
1010 521 1122 575 correct
1122 513 1165 575 ori
1109 514 1278 576 t'deberi

162 611 233 668 vidit
268 609 371 668 »sed
362 626 400 679 rs,
429 617 460 667 ut
487 609 654 680 oportebat,
669 605 918 683 ἐιιεσαυμένυιν
906 605 1063 682 scripserat
1089 611 1157 681 [non
1182 609 1277 701 credo]
1304 663 1308 671 .

162 704 238 775 quod
258 704 351 761 estin
371 703 434 761 cod
456 703 541 761 Goth
568 697 724 774 [pessimae
743 719 780 762 no
781 697 848 777 tael.
888 694 946 762 Pro
971 720 1006 762 ea
1030 719 1100 763 voce
1126 706 1278 777 genuinam

159 797 331 867 scripturam
358 794 440 852 dedit
464 793 527 852 cod.
553 793 626 851 Mut.
648 790 696 850 ἀπ’
725 790 856 870 εὐόδμου
896 796 942 854 Ea
965 796 1068 853 mirum
1094 803 1139 854 est
1162 812 1215 856 nec
1234 798 1280 856 In·

159 890 280 959 lienum,
306 888 354 958 qui
373 887 550 945 Nicandrum
571 887 656 946 Ther.
673 895 706 947 ll
735 885 890 964 [Ἆσκραῖυς
906 885 1049 966 ρυχάτοιο
1070 887 1280 967 Μελισσήεντος

159 979 203 1038 ἐπ’
228 978 334 1058 ίίχθαις
349 979 479 1045 Ἡσίοδος
499 978 639 1049 κατέλεξε
659 978 727 1055 παρ’
753 979 837 1040 θδασι
851 978 1044 1059 Περμησσοῖο]
1065 979 1183 1054 cinoque
1201 983 1281 1042 scho-

160 1078 264 1134 hasten
284 1075 417 1133 attulerit
437 1075 478 1150 [p.
495 1082 511 1133 5
534 1075 578 1133 ed.
593 1076 675 1133 Keil:
702 1074 895 1153 Μελισσηεντα
915 1075 951 1134 δέ
968 1097 1037 1153 φησι
1056 1075 1106 1135 τόν
1125 1075 1211 1133 τόαυν
1230 1075 1280 1133 τοῦ

125 1215 127 1218 .
154 1169 316 1239 Ἑλικῶνος,
336 1164 368 1224 ἐν
388 1161 414 1244 ᾦ
436 1164 503 1244 εὗρε
523 1167 578 1233 τὰς
598 1165 725 1236 Μούσας,
748 1166 781 1233 ὃς
801 1165 896 1234 οὕτως
915 1167 1023 1246 ἐκλήθη
1044 1167 1099 1226 ἀπὸ
1113 1165 1282 1234 Μελισσέως

158 1259 384 1338 βασιλεύσαντος
403 1261 455 1317 τοῦ
476 1260 574 1334 τόπου]
600 1278 655 1320 nec
675 1279 822 1322 censorem
846 1265 907 1321 eius
926 1263 1212 1337 Heidelbergtnsem‚
1232 1276 1281 1335 qui

162 1356 374 1415 adnotationem
395 1355 498 1412 Iuliani
526 1357 702 1425 tractaverit,
724 1357 767 1413 uti
787 1358 913 1414 scivisse.
953 1358 1048 1416 Aliter
1067 1357 1206 1415 vidissent
1225 1353 1282 1413 Με-

162 1447 327 1527 λισσήεντος
346 1447 402 1506 loci
422 1449 451 1504 in
471 1449 609 1505 Helicone
630 1465 732 1508 nomen
753 1466 816 1507 esse
837 1452 1011 1523 proprium«.
1053 1450 1191 1510 Probavit
1210 1451 1282 1508 haec

162 1538 248 1604 etiam
260 1541 418 1600 Schneider
431 1558 458 1613 p.
471 1548 535 1599 422.
552 1571 586 1582 —
602 1537 741 1606 ἐλυιῶνος
752 1543 786 1600 M
792 1538 952 1614 GQQGL.
967 1543 1017 1618 λιγ.
1033 1538 1069 1602 er
1082 1542 1140 1618 λυγ.
1156 1543 1191 1614 03
1204 1541 1282 1616 άγιυν

162 1639 195 1695 Μ
217 1645 241 1695 1.
270 1634 347 1711 ἄγων
367 1635 400 1693 Μ
420 1643 450 1706 23
482 1653 573 1713 χυρον
593 1636 626 1693 Μ
648 1642 682 1704 1.,
708 1634 806 1713 χορὸν·
823 1637 856 1694 Μ
877 1644 908 1707 2;
941 1631 1027 1712 ἦλθεν
1057 1652 1092 1694 ex
1120 1634 1207 1712 ἢλθεν
1230 1636 1282 1709 M,

162 1727 234 1808 ἦλθε
255 1729 286 1787 O.
318 1762 350 1770 -
383 1745 435 1787 ιιιι.
457 1721 592 1786 25-26
626 1729 695 1786 olim
724 1735 791 1801 post
816 1746 842 1787 v.
861 1736 898 1788 38
928 1729 1106 1802 legebantur.
1147 1727 1189 1788 25
1213 1749 1284 1807 χρυ-
1344 1743 1347 1752 ’

164 1841 254 1885 σειοις
269 1820 301 1877 Μ
319 1827 344 1878 1.
364 1819 511 1897 χρυσείοις
526 1821 559 1878 Μ
569 1828 611 1893 2.;
632 1819 661 1877 δ’
681 1817 824 1897 ἑκάτερθε
835 1821 847 1887 ΙΙ
858 1821 911 1893 Μ;’
927 1819 1147 1898 τλινασσάμενυς
1161 1823 1199 1894 Q3
1218 1821 1295 1878 πλον
1322 1862 1333 1872 ..

164 1914 266 1989 κάμοις
288 1914 334 1983 Μ;
363 1947 395 1954 -
423 1911 466 1971 26
488 1910 577 1989 κέρσε
597 1911 688 1990 κόμης
713 1911 835 1991 ζεφύροιο·
848 1914 897 1985 Μ·
922 1913 1100 1989 στιφελίζετο
1123 1915 1196 1987 AQ3
1219 1917 1283 1992 χαΐ-

163 2027 217 2072 τας
235 2008 282 2078 Μ·
310 2007 415 2084 χαίτης
437 2009 499 2067 rell.
521 2007 604 2066 codd.
623 2013 654 2065 et
679 2008 743 2066 edd.
763 2014 829 2080 post
848 2007 985 2076 Behhcr„
1008 2007 1109 2084 χαίτην
1130 2008 1194 2066 edd.
1215 2014 1283 2066 ante

164 2100 290 2158 Behlrer
331 2100 401 2183 Cum
422 2101 568 2159 Bacchum
593 2118 647 2173 per
665 2118 763 2160 vocem
791 2100 900 2176 βότρυς
929 2100 1084 2172 significari
1109 2100 1285 2159 crediderint

165 2194 288 2266 pleriqui
313 2195 405 2252 critici
431 2202 498 2253 ante
525 2193 683 2266 Granium,
714 2194 872 2267 Lennep
863 2196 994 2253 innotis
1025 2201 1055 2252 et
1081 2194 1110 2249 in
1135 2179 1283 2251 Animadr.

165 2308 193 2362 p.
214 2296 267 2348 116
295 2289 445 2367 χρυσείοις
470 2285 498 2344 δ’
527 2284 666 2364 ἑκάτερθ’
700 2284 930 2363 ἐπινεισσάμενος
960 2284 1131 2362 πλοκάμοισι
1155 2285 1286 2356 coniecit,

166 2382 299 2453 quoniam
326 2399 406 2449 »pum
430 2388 530 2440 noster
554 2382 600 2439 hic
626 2382 729 2454 procul
755 2380 842 2440 dubio
866 2382 1002 2453 voluerit,
1028 2379 1173 2439 Bacchum
1199 2378 1285 2447 etiam

166 2477 246 2533 iuxta
265 2493 328 2533 cum
349 2476 416 2534 aliis
441 2476 496 2534 diis
516 2467 559 2533 'ad
579 2475 660 2533 Pelei
687 2481 717 2533 et
737 2474 869 2532 Thetidis
893 2476 1013 2554 nuptias,
1032 2471 1192 2546 profectum
1214 2486 1287 2543 esse,

166 2570 329 2627 necessario
366 2569 484 2626 verbum
514 2567 630 2639 aliquod
660 2573 767 2626 motum
796 2566 958 2638 significans
989 2566 1199 2625 desideratur.
1222 2607 1287 2624 ...

166 2663 307 2719 Praetera
324 2659 444 2735 βότρυς,
468 2662 523 2731 vel,
544 2666 577 2718 nt
596 2649 675 2718 recte
696 2660 763 2717 clar.
795 2660 942 2719 D'Orville·
961 2660 1104 2732 emendat,
1123 2657 1240 2734 βότρυν,
1261 2659 1285 2716 si

166 2757 223 2812 iam
244 2770 307 2811 curn
327 2755 428 2829 χαίτην
449 2754 561 2824 iungas,
582 2751 668 2810 facile
690 2753 781 2823 liquet
794 2739 870 2810 illud
884 2753 987 2830 χαίτην
1007 2755 1036 2810 in
1054 2753 1159 2831 χαίτης
1178 2756 1288 2809 mutan-

168 2848 244 2917 dum,
256 2843 495 2917 quemadmodum
507 2845 535 2901 in
550 2850 673 2917 quatuor
687 2844 833 2902 minimum
845 2844 997 2904 codicibus
1013 2851 1189 2904 exaratum«.
1209 2844 1288 2902 Idem

166 2940 285 3012 Lennep
305 2944 385 2997 recte
411 2938 553 2996 intellexit
578 2938 630 2997 hos
657 2954 756 2995 versus
778 2938 893 2995 aliunde
918 2939 948 2996 in
975 2940 1068 2997 locum
1095 2954 1180 3010 quem
1203 2951 1286 2995 ocen-

168 3032 286 3105 pabant,
306 3031 404 3089 illatos
425 3044 502 3088 esse:
524 3030 684 3102 »Loquitur
701 3030 884 3105 [colluthus]
900 3031 936 3089 de
953 3031 1055 3105 Eride,
1071 3048 1156 3104 quarn
1171 3047 1189 3087 a
1203 3030 1290 3088 Peleo

169 3131 342 3185 contemtam
363 3123 449 3180 canit.
488 3124 591 3182 Nullae
612 3124 711 3194 itaque
736 3123 783 3181 hic
802 3122 917 3182 Baccho
943 3129 1052 3196 partes.
1090 3123 1133 3182 Ut
1151 3122 1227 3180 male
1247 3121 1290 3179 di-

169 3218 259 3288 uulsa,
281 3233 413 3288 quaeque
433 3218 605 3276 coniunctim
626 3216 786 3275 acolutho
809 3217 918 3289 scripta
937 3214 1065 3288 fuerant,
1091 3217 1121 3273 in
1140 3215 1291 3289 pristinum

170 3311 299 3370 ordinem
318 3311 504 3382 redigantur,
528 3309 588 3367 bini
615 3309 645 3366 hi
666 3308 703 3366 de
729 3309 844 3369 Baccho
873 3309 1007 3367 versiculi
1032 3308 1069 3367 ad
1089 3305 1293 3381 praecedentia

171 3395 296 3476 migrare
326 3404 445 3474 debent,
477 3402 526 3460 ubi
554 3402 614 3460 sive
643 3407 710 3475 post
739 3418 852 3460 versum
873 3404 910 3460 27
936 3403 996 3460 sive
1022 3406 1089 3475 post
1113 3415 1226 3458 versum
1246 3406 1292 3457 31.

172 3512 223 3554 seu
248 3514 273 3553 ιι.
290 3504 326 3555 33
360 3496 536 3554 collocentur
559 3510 661 3568 parum
684 3493 783 3553 refert.
823 3496 939 3554 Interea
964 3513 1015 3554 cur
1039 3510 1056 3553 a
1080 3494 1181 3552 summi
1199 3490 1294 3574 D’Or·

172 3589 245 3646 villii
272 3590 364 3659 (cuins
391 3603 533 3646 consensu
558 3586 626 3644 mihi
651 3589 793 3659 gratulor)
823 3593 891 3661 post
915 3605 1027 3647 versum
1049 3594 1094 3646 33.
1125 3587 1291 3645 collocantis

176 3684 319 3740 sententia
339 3681 521 3740 discedamus
541 3697 629 3738 causa
648 3680 728 3738 nulla
748 3687 801 3738 est.
837 3681 935 3740 Verba
954 3683 1007 3739 viri
1027 3681 1096 3739 clar.
1117 3683 1200 3737 sunt:
1215 3720 1222 3734 .
1237 3724 1245 3738 .
1260 3719 1292 3734 ..

173 3775 296 3833 hiduo
316 3792 440 3833 versus
461 3766 655 3832 deBaccho
676 3760 853 3832 collocari
874 3776 946 3834 alio
967 3776 1044 3834 loco
1064 3779 1100 3831 et
1119 3769 1296 3830 commode

173 3873 256 3940 post
280 3883 421 3926 versum
442 3876 478 3926 33
509 3867 670 3925 debent.
709 3866 816 3925 Melius
843 3868 967 3938 Iuliano,
992 3867 1040 3938 qui
1065 3865 1118 3925 hos
1143 3880 1243 3943 uersus
1266 3864 1296 3920 in

174 3962 299 4034 pristina
319 3952 388 4018 sede
408 3977 426 4018 a
445 3976 477 4017 se
497 3961 581 4017 reliet
568 3964 628 4018 t:os
657 3960 785 4019 »Aureos
805 3977 874 4019 uero
894 3961 1026 4032 utrinque
1047 3937 1184 4031 agitatus
1194 3972 1295 4038 secun·

177 4056 249 4111 dum
265 4053 408 4112 cincinnos
429 4053 619 4160 Racernus
597 4068 700 4160 comae
716 4054 745 4109 in
746 4059 847 4112 tonsae
851 4055 897 4126 (i
918 4069 942 4139 e.
963 4070 1044 4158 corna
1057 4055 1189 4138 intonsa)
1211 4035 1296 4110 vento

766 4165 769 4170 .
836 4169 839 4174 ,
1009 4146 1094 4198 3}
1159 4149 1160 4152 ’
