2880 4606
618 345 830 406 ..73-

154 538 189 591 et
208 533 270 590 rell.
290 535 357 604 post
377 547 442 589 eum
457 529 531 601 edd.‚
553 524 668 607 ἀρωγήν
688 529 751 586 rell.
765 527 848 586 codd.
865 532 895 586 et
908 527 972 587 edd.
1003 527 1100 599 Atque
1120 525 1240 604 ἀρωγάν
1254 529 1284 586 in

158 626 349 698 suspicionem
364 626 477 684 vocavit
490 622 601 682 Tiedke
615 624 644 679 in
658 622 766 680 Herma
779 621 848 680 XIII
867 639 895 695 p.
913 628 978 693 352,
1000 639 1063 681 cum
1077 623 1195 680 Nonnus
1216 639 1284 694 oxy·

158 719 234 777 tonis
255 721 341 776 trium
362 718 549 791 syllabarum,
576 718 605 773 in
625 717 791 774 trochaeum
811 716 983 773 exeuntibus
1011 732 1122 773 versum
1148 716 1283 774 claudere

155 829 214 870 non
234 812 272 869 sit
292 813 403 870 solitus.
441 812 548 869 Verum
570 810 644 868 enim
664 826 733 868 vero
754 816 783 867 et
800 809 923 867 Paulum
943 810 1147 883 silentiarium,
1169 818 1199 868 et
1218 808 1283 865 Mu·

155 921 258 964 saeum
280 912 309 963 et
328 905 557 978 Tryphiodorum
578 905 614 962 ab
635 905 719 962 huius
740 906 858 977 regulae
878 906 1034 964 severitate
1054 905 1223 963 discessisse
1242 904 1284 961 ita

156 1000 290 1071 exposuit
300 1000 363 1071 ipse
374 998 484 1056 Tiedke
495 999 514 1055 l.
524 999 553 1068 l„
568 1002 600 1055 ut
611 998 744 1058 Gollutho
759 1014 871 1071 quoque
885 998 959 1057 hanc
972 999 1120 1056 licentiam
1133 999 1283 1070 ignoscere

156 1093 260 1150 merito
274 1093 425 1164 possimus.
437 1125 472 1132 —
488 1090 544 1150 178
558 1087 591 1148 οὐ
606 1091 651 1148 σοὶ
665 1088 797 1169 άρηςΜ;
812 1091 882 1169 δορυ
894 1093 941 1164 Μ;
955 1111 998 1151 vv.
1012 1095 1163 1153 119-182
1177 1093 1207 1149 in
1219 1092 1252 1149 M
1266 1107 1284 1148 a
1328 1158 1338 1174 ⁶

156 1185 190 1242 M
202 1193 218 1243 3
240 1186 351 1243 exarati
372 1184 513 1257 videntur,
535 1191 565 1242 et
584 1185 626 1243 ita
640 1185 764 1257 quidem,
786 1190 818 1242 ut
831 1186 920 1243 verba
934 1180 967 1241 ot
981 1182 1090 1262 φλόγες
1104 1192 1134 1243 et
1147 1182 1195 1240 οἶα
1207 1203 1240 1241 τε
1254 1185 1283 1241 in

157 1278 279 1336 aliorum
293 1278 496 1336 vocabulorum
510 1294 614 1336 rasura
627 1279 736 1350 scripta
756 1279 822 1336 sint.
836 1312 871 1320 —
893 1276 950 1337 179
972 1275 1005 1334 οὐ
1025 1276 1135 1354 φλογὸς
1155 1279 1193 1349 (λ,
1214 1274 1284 1354 ἠρέ-

158 1389 238 1428 οτοιο
260 1370 291 1444 0,
311 1369 461 1448 η’ραίοτονο
483 1371 582 1443 APQ
603 1367 704 1446 ἄσθμα
717 1370 878 1443 LNPQS,
899 1370 999 1447 άσδμα
1014 1371 1050 1443 Ο;
1070 1366 1209 1448 ἠμύναντο
1230 1387 1282 1443 pro

148 1463 319 1541 Ἡφαίστοιο
340 1481 376 1523 ex
396 1467 492 1537 glossa
510 1466 621 1522 scilicet
640 1471 713 1535 orto,
735 1470 765 1522 et
780 1462 884 1543 λοχεάη
898 1466 971 1524 coni.
986 1466 1129 1524 Tournier
1143 1483 1171 1537 p.
1189 1471 1233 1522 26.
1248 1497 1280 1504 -

159 1555 219 1616 180
241 1576 359 1631 comma,
380 1559 456 1630 quod
471 1559 589 1630 Lennep
610 1564 725 1616 secutus
746 1574 764 1615 a
784 1557 929 1630 Bellero,
953 1559 1130 1630 Hermanno,
1150 1558 1282 1628 Lehrsio,

159 1652 333 1711 Schneidero
355 1653 444 1710 tacite
463 1659 530 1724 post
551 1646 713 1728 ἀνεμώλιος
733 1651 911 1721 traduxerat,
934 1652 1029 1710 lulien
1048 1653 1190 1724 pristinae
1210 1651 1282 1722 sedi,
1378 1724 1381 1739 Ι

158 1751 224 1818 post
245 1743 381 1813 κυδιάεις,
401 1746 476 1803 male
492 1746 628 1805 restituit.
659 1745 704 1802 De
720 1761 763 1802 vv.
781 1746 930 1802 180-481
945 1745 1018 1803 haec
1033 1744 1180 1802 Hermann
1193 1762 1221 1816 p.
1238 1752 1282 1803 16.

161 1842 209 1899 li:
238 1838 407 1897 »Belikerus
429 1840 512 1910 signa
532 1838 711 1896 exclamandi
731 1839 829 1910 posuit
848 1844 915 1911 po'st
933 1833 1085 1913 Ἀτρυτώνη
1107 1841 1137 1894 et
1156 1841 1223 1909 post
1236 1832 1282 1892 πέ-

158 1933 246 1997 πλοις.
285 1934 331 1990 Ea
351 1933 426 1991 ratio
448 1933 471 1989 si
492 1948 561 1989 vera
581 1936 671 2002 esset,
698 1932 727 1988 in
748 1933 847 2002 quinto
868 1932 967 1989 horum
994 1947 1127 1988 versuum
1149 1931 1187 2000 [v.
1205 1933 1283 2003 184],

103 2101 105 2104 Ι
157 2011 254 2084 mente
280 2026 469 2099 repetendum
495 2029 573 2082 esset
600 2022 736 2088 κυδιάεις.
782 2024 906 2081 Attum
932 2029 1011 2081 certe
1042 2030 1108 2096 post
1129 2020 1283 2102 Ἀτρυτώνη

159 2121 271 2193 signum
296 2119 368 2176 illud
393 2136 449 2177 non
475 2124 555 2176 recte
580 2121 747 2189 poneretur.
787 2116 936 2173 Deberent
961 2117 1037 2173 enim
1058 2117 1219 2176 sententiae
1240 2120 1283 2176 ita

159 2212 328 2271 cohaerere:
355 2208 401 2266 οἷα
415 2207 551 2280 κυδιάεις,
573 2206 615 2264 ὅτι
630 2226 665 2264 σε
679 2206 770 2283 γάμος
789 2204 843 2264 οὐκ
863 2202 1007 2283 ἔσπειρεν·
1028 2205 1075 2263 οἷα
1088 2207 1130 2280 δέ,
1151 2206 1195 2264 δτι
1212 2209 1283 2287 χαλ·

158 2303 238 2369 νέοις
258 2302 354 2367 δπλοις
376 2297 509 2381 καλώπτη,
540 2301 598 2360 Sed
618 2317 654 2358 ne
675 2302 717 2358 sic
737 2300 852 2372 quidem
874 2302 969 2360 omnia
988 2306 1068 2359 reete
1082 2301 1282 2373 procederent.

158 2400 261 2468 Neque
278 2396 353 2453 enim
367 2400 435 2468 apte
456 2395 569 2453 adnexa
590 2400 687 2453 essent
706 2395 764 2467 illa,
787 2393 835 2450 καλ
855 2392 972 2470 φεύγεις
991 2394 1139 2472 φιλότητα,
1161 2400 1284 2467 atquae

159 2495 327 2562 sequuntur,
349 2505 422 2561 quae
443 2490 557 2549 omnino
578 2505 629 2546 cur
650 2490 685 2547 ab
707 2490 795 2547 armis
816 2489 922 2561 potius
945 2505 1029 2561 quam
1051 2490 1087 2547 ab
1102 2489 1215 2561 origine
1229 2490 1285 2548 Mi-

160 2600 266 2643 nervae
288 2583 467 2654 deriventur,
493 2600 549 2641 non
570 2587 701 2655 apparet.
742 2581 822 2640 Nihil
846 2586 946 2654 posset
971 2582 1158 2654 reprehendi,
1186 2583 1211 2641 si
1230 2601 1283 2655 pro

159 2679 251 2737 altero
279 2674 325 2732 οἷα
351 2676 429 2734 aliud
455 2676 540 2746 quid,
566 2692 591 2733 v.
613 2692 636 2733 o.
659 2671 749 2750 ἀμφί,
775 2675 931 2746 legeretur.
972 2674 1030 2732 Sed
1057 2690 1143 2745 quum
1168 2678 1284 2735 minime

159 2776 325 2844 suspectum
346 2772 385 2829 sit
405 2768 466 2842 οἶα,
492 2770 617 2842 positum
638 2774 735 2827 autem
756 2785 813 2828 nou
832 2771 925 2841 possit
949 2786 1006 2829 non
1028 2769 1065 2827 ad
1085 2771 1218 2842 superius
1238 2768 1284 2826 οἷα

159 2862 271 2937 referri,
292 2865 335 2922 illi
356 2871 452 2924 autem
473 2864 550 2936 quod
571 2864 715 2922 adiectum
736 2869 781 2921 est
800 2861 836 2919 τέ
853 2879 909 2920 non
930 2864 1003 2921 bene
1024 2864 1192 2935 conveniat,
1204 2869 1270 2937 rect

161 2960 230 3018 mihi
254 2960 354 3018 videor
375 2959 517 3030 iudicare,
538 2959 632 3017 alieno
653 2959 716 3016 loco
737 2957 877 3014 intrusum
899 2972 962 3015 esse
983 2958 1058 3015 hunc
1077 2974 1200 3015 versum.
1240 2956 1284 3016 Eo

159 3053 225 3111 hino
245 3054 353 3110 reiecto
375 3057 442 3110 ante
462 3052 585 3124 primum
607 3067 704 3110 eorum
725 3067 797 3123 quos
818 3052 939 3123 apposui
960 3052 998 3122 [v.
1016 3053 1082 3123 180]
1104 3052 1178 3109 bene
1198 3051 1285 3110 habe·

158 3147 202 3205 bit
221 3148 309 3219 locus,
330 3147 372 3204 ita
392 3162 466 3204 nexa
487 3146 633 3204 oratione:

363 3289 410 3348 οἷα
429 3289 471 3363 δὲ,
491 3291 651 3368 χαλκείοισι
671 3287 856 3367 καλυψαμένη
874 3287 952 3369 zado
972 3286 1094 3360 πέπλοις,

363 3383 409 3442 οἷα
429 3382 464 3442 σὺ
484 3382 612 3448 κυδιάεις
631 3379 796 3454 ἀνεμώλιος,
814 3379 997 3459 Ἀτρυτώνην.

160 3521 356 3581 Hermannum
377 3526 492 3579 secutus
519 3525 563 3578 est
583 3520 688 3590 Lehrs;
719 3520 807 3590 male,
833 3524 865 3576 ut
890 3523 973 3590 patet
998 3533 1033 3575 ex
1054 3515 1222 3576 Schneideri
1248 3515 1284 3573 de

158 3634 202 3675 vv.
225 3622 321 3675 180-
334 3622 387 3673 189
410 3615 619 3688 disputatione,
645 3628 720 3684 quae
740 3629 767 3684 p.
789 3617 853 3670 438.
875 3617 930 3669 439
957 3611 1077 3682 legitur:
1111 3610 1285 3681 »Postquam

159 3709 298 3768 Iunonem
320 3710 416 3767 Venus
438 3708 553 3778 derisit,
579 3706 685 3764 transit
705 3705 742 3763 ad
769 3703 956 3763 deridendam
977 3703 1153 3773 Minervam,
1178 3703 1207 3758 in
1228 3717 1284 3773 quo

130 3817 131 3820 ’
159 3804 285 3862 mansitu
305 3809 387 3876 patet
410 3801 570 3859 desiderari
594 3799 766 3872 particulam
786 3795 833 3870 δέ,
859 3804 891 3856 ut
910 3794 957 3853 οἷα
977 3795 1011 3853 δὲ
1036 3794 1219 3853 scribendum
1247 3796 1285 3852 sit

159 3915 185 3956 v.
207 3899 271 3957 119.
299 3929 333 3939 -
362 3912 420 3967 qua
444 3874 540 3952 autem
566 3909 598 3952 re
624 3892 765 3966 glorietur
788 3897 867 3951 recte
898 3890 1013 3962 quidem
1043 3889 1185 3947 intellexit
1211 3889 1285 3947 Her·

161 4007 297 4063 mannus,
323 3990 375 4048 sed
398 3993 477 4047 recte
497 3989 619 4047 inventis
640 3988 683 4045 nti
706 3987 805 4046 noluit.
836 3986 1026 4057 nequeenim
1051 3982 1178 4041 dubitari
1199 3998 1285 4057 posse
