2880 4606
609 287 818 348 ..43-

155 469 244 548 κήποο
259 472 347 529 fuisse
363 480 392 530 et
406 472 530 543 genuina
543 471 696 544 scriptura,
717 487 790 542 quae
805 471 897 543 qualis
918 469 1006 528 fuerit
1026 471 1088 528 erui
1102 488 1159 529 non
1173 471 1273 544 possit,

155 565 282 636 expulsa,
302 564 331 620 in
346 570 455 622 textum
469 564 579 621 illatam
595 579 667 622 esse.
684 595 720 605 -
736 562 778 622 60
799 560 883 621 ἔνθεν
905 557 949 640 ἔρι
970 562 1140 639 οπτολέμοιο
1153 563 1195 635 Μ,
1216 558 1275 638 ἔριν

127 745 130 753 s
154 671 1275 785 11,1ιέ111111111111,11111111.1111111111

157 799 256 857 ἰδοῦσα
268 801 309 871 Μ,
331 797 436 857 ἑλοῦσα
449 802 509 858 rell.
526 802 608 861 codd.
631 807 660 858 et
681 802 746 859 edd.
781 801 819 860 61
840 799 977 880 μήλωνΑ
998 806 1078 870 (1111
1092 817 1173 872 corr,
1186 799 1275 877 μῆλον

154 911 191 951 m.
207 900 276 964 sec.)
293 893 582 967 OLNPQRSVW,
602 902 632 953 et
646 895 711 952 edd.
726 897 871 968 antiquae.
903 895 1102 954 Emendarunt
1115 895 1273 966 Brodaeus‚

154 987 399 1060 Falkenburgius,
426 988 482 1049 alii.
514 985 645 1063 ἀρίζηλον
663 989 710 1060 Μ,
736 985 843 1045 δἐἰνεα
862 989 902 1046 Μ.
943 988 1050 1047 Versus
1066 995 1110 1047 60.
1133 994 1167 1046 61
1190 1003 1274 1045 vexa·

154 1081 257 1137 tissimi
279 1086 353 1137 sunt.
394 1080 463 1138 Cum
486 1098 510 1141 v.
532 1088 567 1139 60
588 1081 686 1138 Eridis
713 1097 815 1139 nomen
842 1083 928 1154 plane
953 1079 1129 1154 superfluum
1156 1097 1219 1140 esse
1245 1086 1275 1139 at

156 1174 327 1231 sententiam
342 1175 527 1246 incongruam
542 1170 655 1231 efficere
676 1173 835 1231 crediderit
855 1168 938 1230 ἔνθεν
959 1172 1017 1251 ἄρα
1037 1173 1186 1245 πτολέμοιο
1207 1193 1273 1249 προ·

156 1265 274 1342 άγγελον
299 1260 383 1342 ἔρνος
406 1263 512 1322 ἑλοῦσα
533 1267 655 1325 11111111
678 1267 810 1339 Lennep‚
842 1267 942 1325 eadem
964 1268 1000 1324 de
1020 1284 1108 1325 causa
1128 1260 1211 1323 ἔνθεν
1232 1260 1275 1322 ἔτι

156 1359 234 1441 πτολ.
261 1359 405 1430 1111111111,
431 1354 514 1415 ἔνθεν
540 1357 574 1416 δὲ
597 1357 748 1434 πτολέμοιο
783 1359 920 1417 Wernike
947 1361 983 1417 ad
1013 1359 1168 1432 Tryphiod.
1195 1360 1273 1432 1131

155 1453 206 1522 qui
227 1469 329 1509 nomen
343 1451 441 1509 Eridis
461 1468 570 1509 merum
592 1453 737 1524 glossema
756 1453 784 1508 in
806 1458 914 1509 textum
929 1461 1038 1511 temere
1052 1454 1195 1510 invectum
1210 1466 1273 1509 essa

155 1553 185 1601 et
198 1545 230 1601 Μ
244 1546 310 1603 libri
331 1547 504 1617 scripturam
525 1544 675 1621 πτολέμοιο
697 1552 762 1619 (pro
776 1544 921 1622 πολέμοιο)
943 1546 1049 1603 indicio
1064 1561 1128 1603 esse
1142 1543 1274 1614 credidit,

154 1655 253 1695 vocem
274 1639 495 1710 praecedentem
510 1633 587 1716 Ἔρις
607 1647 771 1713 corruptam
795 1656 867 1698 esse.
907 1639 1103 1711 Suspicionem
1123 1639 1159 1696 de
1179 1653 1275 1696 corru-

154 1733 233 1803 ptela
243 1733 378 1804 probavit
388 1733 532 1792 Hermann
544 1752 571 1806 p.
586 1741 618 1791 11
637 1733 705 1791 »sed
719 1750 754 1791 ex
767 1733 948 1804 coniecturis,
964 1749 1038 1804 quae
1053 1733 1185 1803 prolatae
1199 1736 1274 1801 sunt,

154 1824 237 1896 dnae,
259 1842 332 1896 quae
346 1823 415 1882 ferri
428 1833 556 1898 possunt,
577 1827 720 1899 Lennepii
740 1821 823 1882 ἔνθεν
844 1822 910 1900 ἄρα,
933 1834 962 1884 11
981 1825 1124 1883 Wernihii
1140 1865 1169 1879 ..
1190 1817 1273 1879 ἔνθεν

157 1913 199 1987 δέ,
219 1916 331 1987 longius
353 1916 389 1974 ab
410 1916 545 1976 librorum
568 1919 712 1990 scriptura
730 1917 879 1989 recedunt,
899 1934 953 1975 nec
971 1919 1075 1976 tollunt
1088 1917 1175 1989 alind,
1198 1916 1274 1989 quod

154 2011 184 2065 in
207 2009 251 2066 his
273 2011 402 2068 versibus
424 2011 565 2083 displicet,
583 1993 672 2088 μῆλον
693 2012 865 2069 1111111111
890 2013 1043 2082 positum«.
1084 2011 1273 2081 1111111111-

154 2105 264 2174 paratis
284 2103 420 2160 librorum
446 2106 596 2176 scripturis
624 2099 708 2160 ἔνθεν
737 2099 795 2179 ἔριν
820 2102 954 2176 πολέμοιο
979 2102 1163 2178 προάγγελον,
1190 2099 1274 2176 ἔρνος

157 2193 256 2250 ἰδοῦσα
277 2192 381 2271 Μήλου,
402 2194 543 2273 ἀριζήλων
565 2194 591 2252 τ’
616 2193 787 2271 ἐφράσσατο
808 2191 894 2272 δήνεα
917 2193 1041 2272 μόχθων
1066 2195 1182 2267 scripsit
1202 2194 1273 2252 Her-

156 2304 250 2357 mann,
275 2289 387 2360 recepit
410 2289 512 2347 Lehrs.
554 2289 645 2360 Quam
673 2289 843 2360 scripturam
870 2288 919 2358 qui
944 2289 1030 2346 etiam
1054 2294 1174 2361 propter
1199 2288 1273 2345 male

159 2385 321 2452 correptam
349 2381 553 2455 diphthongum
580 2383 768 2456 vituperavit,
794 2381 952 2441 Schneider
971 2399 999 2454 p.
1019 2389 1074 2439 412
1099 2373 1273 2456 11111Ἔρις

156 2474 292 2547 defendit,
315 2477 451 2557 »tametsi
468 2479 543 2535 enim
563 2479 658 2537 omnia
678 2494 753 2549 quae
773 2478 951 2550 praecedunt
965 2477 1001 2533 de
1021 2475 1121 2533 eadem
1137 2481 1203 2532 sunt
1217 2473 1273 2531 dea

156 2569 240 2640 diota,
261 2570 356 2641 potnit
376 2576 471 2628 tamen
492 2572 629 2631 hocloco
651 2572 745 2630 denuo
766 2572 933 2628 nominatim
954 2570 1103 2642 appellari,
1125 2586 1211 2640 quum
1224 2586 1274 2627 no-

156 2679 219 2718 vum
246 2663 312 2718 inde
337 2665 419 2732 qnasi
444 2665 581 2735 impetum
608 2672 704 2722 sumat
730 2665 859 2722 narratio
887 2670 916 2720 et
940 2663 1092 2734 descriptis
1119 2679 1192 2732 quae
1217 2678 1273 2720 non

155 2753 279 2828 perfecit
299 2756 366 2812 Eris
387 2757 512 2813 consiliis
533 2757 570 2814 ad
593 2774 657 2815 eum
679 2763 810 2814 transeat
830 2757 902 2814 deae
923 2762 1070 2824 conatum,
1098 2756 1146 2826 qni
1168 2755 1274 2812 exitum

155 2848 309 2906 habebat«.
350 2848 452 2907 Totum
474 2859 569 2909 autem
589 2852 682 2910 locum
703 2853 744 2908 sic
766 2851 916 2910 constituit
936 2850 1140 2908 Schneiderns:
1171 2876 1173 2879 v

329 2963 412 3025 ἔνθεν
425 2962 504 3044 Ἔρις
524 2968 675 3044 πτολέμοιο
694 2971 868 3048 προάγγελον
889 2966 973 3047 ἔρνος
994 2969 1093 3026 ἰδοῦσα

323 3061 412 3138 μήλον
432 3060 562 3136 ἀρίζηλον
608 3103 614 3117 .
656 3103 662 3117 .
703 3090 732 3120 .·
750 3102 1090 3120 ........

327 3194 334 3208 .
356 3193 362 3207 .
385 3195 391 3208 .
414 3149 580 3229 [ἀριζήλων]
601 3150 772 3229 ἐφράσσατο
794 3151 880 3232 δήνεα
897 3152 1030 3230 μόχθων.

159 3269 263 3334 »atque
290 3261 421 3338 ἀρίζηλον
446 3269 563 3334 praeter
588 3262 676 3320 libros
698 3279 716 3320 a
741 3263 875 3322 Bekhero
902 3262 997 3337 [falso]
1021 3266 1162 3325 indicatos
1186 3267 1275 3325 habet

156 3357 242 3414 etiam
257 3357 466 3428 Neapolitanus
489 3355 574 3430 [quod
594 3372 630 3414 ne
651 3357 744 3428 ipsum
765 3358 879 3428 quidem
901 3373 998 3416 verum
1020 3362 1075 3432 111]
1098 3361 1208 3432 etipse
1228 3375 1275 3419 oo·

157 3449 213 3507 dex
232 3449 412 3507 Mutinensis.
439 3451 468 3506 in
495 3451 594 3508 eodem
620 3451 719 3508 codice
746 3456 791 3507 est
816 3449 916 3506 ἰδοῦσα
941 3455 1019 3522 (nam
1044 3453 1148 3524 reliqui
1168 3452 1275 3510 habent

155 3537 274 3614 ἑλοῦσα)
296 3560 352 3614 quo
373 3550 405 3600 nt
424 3560 478 3617 par
499 3549 563 3600 erat
582 3549 700 3614 recepto
722 3542 883 3601 desiderari
902 3551 985 3616 patet
1003 3545 1133 3603 sumendi
1147 3544 1274 3614 verbum,

155 3641 188 3692 ut
209 3637 253 3692 vel
273 3636 329 3693 hoc
342 3637 462 3694 lacunae
477 3636 612 3693 indicium
627 3635 795 3708 praebeat«.
827 3637 891 3708 Ego
905 3655 1053 3696 assensum
1067 3638 1189 3705 cohibui,
1210 3652 1274 3695 cum

155 3733 185 3784 et
205 3725 305 3783 ἰδοῦσα
324 3730 426 3786 mirum
437 3736 585 3801 duantum
605 3731 751 3804 langueat,
773 3737 802 3789 et
812 3730 902 3808 μῆλον
916 3730 1047 3808 ἀριζήλον
1062 3733 1195 3790 vitiosum
1211 3750 1274 3794 esse

130 3897 133 3905 Ι
155 3819 223 3877 inde
245 3825 359 3891 pateat,
380 3824 456 3892 quod
479 3823 627 3882 colluthus
648 3825 743 3883 Nonni
765 3826 924 3897 exemplum
945 3833 1059 3884 secutus
1083 3842 1274 3902 »proparoxy-

155 3918 224 3971 tona
238 3929 255 3970 a
269 3912 361 3985 primo
377 3929 514 3973 caesurae
534 3917 597 3976 loco
618 3919 733 3975 videtur
753 3919 938 3990 exclusisse«,
959 3925 990 3975 ut
1010 3926 1090 3977 recte
1111 3921 1274 3983 observavit

155 4006 267 4065 Tiedke
288 4008 329 4077 (in
343 4007 453 4065 Herma
464 4008 535 4066 XIII
554 4028 582 4082 p.
599 4013 663 4070 273.
679 4014 757 4083 274),
778 4012 828 4082 qni
850 4009 956 4068 ibidem
980 4012 1137 4070 Hermanni
1161 4031 1274 4087 quoque
