2880 4606
602 309 836 372 -113-

157 512 241 557 13333
260 503 327 580 350,
348 511 404 568 quo
420 494 577 554 Hermione
598 494 670 553 dicit
688 500 809 552 matrem
830 511 911 552 snam
932 511 968 553 ne
988 511 1064 553 nune
1085 495 1209 569 quidem,
1230 495 1280 555 ubi

159 591 263 651 stellae
283 592 415 651 oriantur
435 596 466 648 ct
489 588 616 648 3331131
641 589 718 648 domi
738 604 914 662 comparere.
955 589 1055 661 itaqua
1080 590 1214 661 quoniam
1234 587 1283 648 ab·

156 685 275 744 surdum
296 691 342 744 331
361 690 466 758 putare
486 690 577 743 totum
593 684 670 742 diem
689 685 745 742 1313
766 699 897 743 sermone
919 690 1119 756 consumptum
1140 700 1213 758 asse,
1234 683 1283 742 de·

156 777 302 839 sideratur
321 779 452 837 narratio
473 793 572 835 aarum
596 793 788 849 rerumquae
815 777 893 834 inter
917 783 1031 849 tempus
1056 778 1228 835 matutinum
1253 782 1283 836 et

155 873 352 946 vespertinum
373 869 470 930 iactae
490 875 565 928 sunt.
601 869 706 928 deinde
726 887 814 928 unum
834 876 864 928 et
881 872 1045 930 continuum
1067 873 1093 929 si
1111 871 1283 930 haberemus

149 952 316 1024 'sermonem
337 982 355 1023 a
375 981 401 1022 v.
424 972 479 1024 330
500 963 538 1023 ad
558 981 583 1022 v.
606 971 675 1036 362,
701 965 750 1036 qui
769 962 832 1022 lieri
856 965 952 1037 potuit
971 970 1004 1022 ut
1026 966 1055 1022 in
1076 981 1110 1024 co
1136 967 1200 1038 ipso
1217 984 1283 1026 scr-

154 1074 239 1118 mone
260 1067 286 1116 v.
303 1060 359 1118 301
375 1075 437 1130 sqq.
452 1059 608 1131 Hermione
628 1065 762 1116 narraret
782 1059 868 1117 silvas
883 1075 915 1116 se
935 1061 1149 1132 pervestigasse
1173 1067 1205 1120 ut
1224 1079 1282 1120 ma-

154 1158 229 1212 trem
256 1155 430 1225 quaereret?
466 1160 613 1226 postremo
642 1171 667 1212 v.
695 1161 751 1213 334
777 1169 879 1212 servae
905 1153 1039 1212 dicuntur
1065 1160 1187 1213 conatae
1218 1172 1282 1214 esse

156 1246 335 1306 Hermionen
356 1247 496 1316 retinere,
527 1248 579 1307 sed
603 1264 660 1307 non
681 1255 805 1321 apparet
824 1265 917 1320 neque
942 1250 1019 1309 unde
1039 1251 1166 1310 retinere
1186 1252 1283 1311 volue-

156 1341 226 1413 riut,
248 1357 303 1399 nec
323 1356 407 1411 quem
427 1341 483 1400 iste
503 1349 622 1400 conatus
643 1348 774 1400 eventum
795 1341 937 1401 habuerit.
968 1360 1042 1415 quae
1062 1345 1118 1402 nisi
1139 1344 1283 1404 addantur

156 1432 357 1507 imperfectam
383 1440 467 1508 patet
496 1436 692 1495 narrationem
717 1453 789 1495 esse.
833 1437 937 1508 quibus
962 1439 1139 1511 argumentis
1165 1439 1283 1512 planum

155 1528 283 1588 arbitror
297 1545 362 1588 esse
376 1527 484 1587 iactum
497 1531 595 1602 plures
610 1529 793 1588 intercidisse
807 1537 907 1588 versus
923 1531 1026 1602 quihus
1041 1531 1172 1590 narravit
1186 1531 1283 1592 Collu-

155 1621 222 1680 thus
242 1618 351 1679 frustra
377 1621 435 1679 iam
460 1621 496 1679 ab
518 1622 630 1680 aucillis
650 1622 825 1682 Hermionen
847 1638 911 1681 esse
931 1629 1075 1682 retentam
1102 1624 1179 1684 domi
1205 1641 1282 1684 eam-

157 1733 213 1790 que
234 1721 339 1774 cuncta
358 1717 577 1790 perquisivisse,
602 1723 635 1774 ut
655 1723 842 1790 cognosceret
863 1717 911 1774 ubi
931 1723 1025 1775 mater
1046 1724 1125 1776 esset
1145 1725 1175 1776 et
1195 1720 1282 1778 silvas

158 1802 274 1882 quoqu'e
298 1811 521 1883 pervestigasse.
561 1811 637 1882 quod
668 1827 754 1882 quum
779 1827 833 1884 per
858 1817 952 1870 totum
977 1811 1053 1869 diem
1074 1810 1204 1885 fecisset,
1229 1815 1282 1872 suh

158 1904 358 1977 crepusculum
386 1902 494 1962 iniecta
517 1920 550 1961 re
570 1904 692 1962 rediisse
719 1909 748 1962 et
775 1921 861 1976 quum
886 1905 1010 1963 nondum
1031 1905 1108 1965 domi
1134 1922 1198 1964 esse
1223 1924 1283 1966 ma-

157 2000 232 2056 trem
246 1998 446 2070 intellexisset,
461 2000 503 2056 sic
517 1999 606 2058 verba
619 1997 723 2057 iecisse
737 1996 862 2076 ἀστέρες
876 2005 949 2057 etc«
972 2000 1064 2057 Recte
1078 1999 1152 2057 haec
1164 1999 1282 2058 Schnei-

156 2089 226 2164 der,
252 2092 308 2150 nisi
332 2093 408 2165 quod
435 2093 471 2151 de
492 2111 534 2151 vv.
556 2101 622 2152 330.
643 2101 698 2152 331
720 2094 833 2152 1333133
855 2094 931 2152 male
952 2110 1009 2152 non
1037 2109 1181 2166 apparere
1201 2093 1282 2165 dixit,

158 2184 236 2243 unde
255 2184 442 2246 Hermionam
461 2189 587 2246 retinere
607 2194 729 2247 conatae
748 2189 807 2246 sint
826 2188 957 2246 ancillae.
992 2187 1049 2246 Est
1069 2188 1144 2245 enim
1167 2183 1282 2262 ἐρύκειν

159 2276 360 2357 στενάχουσαν
380 2281 456 2340 idem
477 2287 564 2353 atque
584 2277 697 2358 ἐρύκειν
720 2279 776 2338 ’ἀπὸ
797 2281 970 2358 ateramum
996 2279 1073 2352 quod
1097 2280 1170 2339 vidit
1195 2281 1282 2340 etiam

156 2370 300 2431 Teurnier
319 2390 347 2445 p.
370 2381 406 2432 39
427 2375 532 2434 3311313
553 2375 656 2434 113333
676 2374 760 2433 Dion.
781 2373 810 2432 ΙΙ
830 2380 900 2433 489:

874 2509 969 2577 Σέλας
991 2509 1080 2588 ὑψόθι
1097 2509 1204 2586 βαίνειν
1228 2543 1235 2556 ·

260 2602 294 2663 οὐ
315 2603 410 2681 θέμις·
433 2603 594 2684 ἀστεροπὴν
616 2605 671 2681 γὰρ
691 2603 941 2683 ἀναθρώσκουσαν
962 2601 1061 2680 ἐρύκει
1081 2603 1110 2675 (ὁ
1127 2604 1204 2682 ἀήρ).

160 2782 194 2791 -
217 2748 281 2808 3411
295 2749 379 2807 Hunc
399 2767 511 2809 versum
532 2756 599 2823 post
619 2749 870 2810 33311131131Μ
891 2750 932 2806 sic
950 2750 1089 2821 scriptum
1110 2746 1213 2825 ἀνέρες
1234 2751 1283 2806 iur-

156 2840 254 2900 νόοοσι
264 2843 312 2900 καλ
323 2841 354 2901 ἐν
365 2841 627 2903 σκοπελοισινιοιύει.
639 2844 778 2916 Sequenti
789 2843 885 2902 versui
895 2841 1281 2916 postponuntLNPRSVW3

158 2937 306 3009 vulgatam
327 2938 432 3012 prohat
453 2939 539 2997 etiam
561 2938 719 2998 Schneider
737 2957 766 3012 p.
784 2944 849 2997 408.
873 2971 904 2979 -
929 2935 1064 2994 ὑπνόοοσι
1084 2937 1195 3009 MAQ3
1216 2955 1284 2992 σκο-

157 3028 267 3088 πέλοισι
283 3032 319 3103 Ο;
340 3030 519 3088 σκοπέλοισιν
533 3034 562 3090 13
577 3033 769 3104 suspicionem
783 3032 896 3090 vocavit
911 3031 1068 3091 Schneider
1088 3047 1116 3106 p.
1130 3039 1195 3091 408.
1211 3039 1282 3091 409:

161 3141 245 3182 »nam
265 3121 403 3182 audacior
422 3141 525 3197 parum
546 3130 614 3198 apte
634 3130 818 3198 opponuntur
838 3124 949 3196 domui,
969 3140 1063 3196 neque
1085 3125 1160 3183 enim
1182 3118 1207 3184 31
1227 3142 1283 3186 333

159 3216 237 3276 domi
259 3223 323 3277 erat
342 3218 469 3291 Helena,
490 3218 557 3277 inde
579 3216 758 3277 efficiebatur
778 3213 809 3275 έν
830 3215 985 3282 σκοπέλοις
1005 3233 1068 3275 eam
1088 3219 1210 3290 morari,
1231 3217 1284 3277 sed

160 3314 256 3384 potnit
276 3314 363 3372 etiam
382 3314 412 3370 in
433 3313 512 3371 silvis
533 3329 597 3371 esse
618 3317 670 3370 331
682 3311 720 3370 ad
734 3309 850 3383 flumen,
874 3312 904 3368 in
919 3312 1043 3383 scopulis
1058 3316 1156 3370 autem
1169 3311 1283 3384 potissi-

157 3423 235 3465 mum
261 3424 324 3467 eam
344 3409 451 3467 morari
478 3407 552 3466 unde
579 3413 676 3465 tamen
696 3406 853 3465 coniecerit
872 3404 1048 3464 Hermionei
1072 3421 1128 3462 non
1149 3405 1283 3462 dubitan-

157 3499 227 3559 dum
247 3502 337 3574 igitur
357 3503 425 3574 quin
445 3497 476 3558 έν
502 3498 684 3558 σκοπέλοισιν
709 3504 876 3571 corruptum
902 3499 955 3570 sit,
981 3499 1027 3555 cui
1052 3497 1283 3557 substituendum

156 3611 221 3654 esse
248 3596 423 3655 arbitramur
448 3591 482 3665 ἐν,
505 3592 685 3652 σκοτέεσσιν.
731 3609 797 3650 333
822 3589 931 3656 σκότος
960 3609 1164 3664 nonnunquam
1189 3593 1283 3652 locum

161 3689 312 3748 obscurum
334 3695 365 3750 et
385 3690 421 3749 ab
441 3691 496 3750 hac
516 3689 672 3749 communis
693 3689 771 3746 vitae
791 3688 925 3746 claritate
949 3689 1172 3746 remotissimum
1197 3687 1284 3759 signi·

161 3781 230 3842 fidat
249 3790 282 3842 ut
301 3787 332 3844 in
343 3785 542 3859 Xenophontis
557 3783 648 3842 Anah.
665 3790 691 3855 2,
711 3789 737 3854 5,
759 3783 789 3840 l:
812 3779 859 3838 τὸν
881 3779 935 3857 γὰρ
956 3779 1033 3838 θεῶν
1053 3779 1175 3856 πόλεμον
1190 3813 1226 3821 -
1241 3779 1285 3845 εἰς

155 3879 235 3936 ποῖον
256 3870 290 3935 ἂν
311 3878 421 3944 σκότος
441 3877 595 3956 ἀποδραίη;
621 3881 749 3935 ceterum
770 3876 795 3933 si
816 3875 879 3947 quis
906 3880 1057 3947 praestare
1084 3874 1231 3947 putaverit
1251 3869 1283 3931 έν

155 3971 312 4030 σκοτίοισιν
333 3973 466 4045 equidem
485 3988 541 4030 non
561 3970 759 4042 refragator«
802 3969 884 4026 Haec
905 3968 1067 4028 Schneider
1092 3985 1195 4042 parum
1220 3967 1284 4027 feli-

154 4065 243 4137 citer3
263 4067 399 4138 vulgatae
420 4067 536 4125 lectioni
556 4064 635 4125 iavet
651 4064 739 4122 etiam
758 4081 783 4124 v.
799 4065 864 4122 341.
895 4062 1053 4134 volgatam
1070 4065 1146 4122 tueri
1162 4067 1283 4122 conatus

207 4163 233 4203 3.
247 4161 330 4210 Abel,
349 4162 471 4206 corruens.
1062 4159 1079 4208 8
