2880 4606
659 333 889 396 -110-

210 517 377 597 μινύθουσιν
398 517 513 576 ὀπωπαί
532 519 598 578 add.
618 518 651 576 M
672 525 689 577 3
715 517 745 575 in
764 517 810 588 Μ;
832 550 865 558 —-
887 514 949 576 386
970 513 1226 595 ητιχάνυμφάωνες
1244 516 1291 586 Μ;
1311 510 1339 594 ἦ,

217 612 293 685 qnod
314 612 422 671 babent
442 612 540 684 APQ,
568 612 692 671 coniecit
710 610 857 668 Hermann
882 627 910 683 p.
932 617 983 682 21,
1007 610 1120 683 recepit
1139 607 1249 675 Lehrs‚
1274 625 1339 682 pro-

216 707 297 765 bavit
310 706 469 765 Schneider
489 723 516 778 p.
532 712 597 777 446,
618 698 635 781 ἢ
656 704 738 764 codd.
760 710 790 762 ct
804 704 868 763 edd.
889 705 967 775 rell.;
988 701 1158 780 νυμφέωνῦ
1177 709 1244 776 post
1266 720 1338 763 corr.

219 833 252 840 —
274 797 334 857 337
358 797 462 877 ήλυθεν
486 796 577 876 ῐθειης
600 797 642 855 Μ.
685 797 894 857 »Scribendum
920 796 1177 875 παραπλαηχθεῒσα
1202 802 1235 854 ut
1261 801 1340 855 recte

217 892 362 964 passivum
383 892 509 950 occurrit
528 908 553 948 v.
576 898 631 949 252
653 897 682 949 et
703 897 776 950 386«
800 890 918 949 Graei.
939 898 1058 964 p.-255,
1084 889 1226 964 probante
1252 890 1340 948 etiam

217 986 377 1044 Tournerio
396 1003 425 1058 p.
445 991 490 1057 41,
511 991 600 1056 recte,
620 984 690 1042 licet
709 982 811 1060 κραδίη
832 981 865 1041 δὲ
885 982 1109 1060 παραπλάζουσα
1127 981 1236 1060 μέμηνε
1261 983 1340 1055 lega·

216 1084 267 1136 tur
292 1078 370 1150 apud
395 1076 531 1136 Nicandr.
559 1076 644 1134 Ther.
669 1094 695 1134 v.
721 1077 784 1136 75⁷.
824 1075 1047 1152 παραπλάζουσα
1072 1074 1161 1151 (παρὰ
1186 1074 1231 1132 al.
1259 1075 1340 1146 cll),

215 1170 300 1229 codd.
317 1177 347 1229 et
361 1170 426 1229 edd.
441 1186 548 1229 omnes.
566 1203 600 1212 -
615 1168 676 1228 338
690 1173 802 1226 ἵσταται
815 1168 996 1248 ασχαλόωσα
1005 1170 1047 1241 Μ,
1061 1167 1163 1226 ἴστατα
1178 1170 1212 1239 Α,
1228 1166 1341 1225 ἵσταται

217 1301 258 1372 Q3
279 1261 457 1375 ἀοχρλόωσα
478 1297 511 1369 Q.
552 1298 681 1356 Alteram
708 1297 877 1355 ancillarum
898 1298 1087 1369 suspicionem
1108 1298 1200 1370 priori
1219 1312 1273 1370 per
1294 1292 1341 1352 καλ

218 1392 352 1466 copulam
372 1391 491 1462 adiungi
511 1407 596 1463 posse
615 1407 723 1462 negans
738 1390 879 1449 Tournior
900 1408 926 1463 p.
942 1397 988 1462 41,
1009 1390 1076 1449 dum
1091 1390 1212 1449 meliora
1226 1406 1341 1449 succur-

218 1492 294 1558 rant,
316 1487 437 1542 lacnnae
454 1484 536 1556 signa
550 1490 617 1557 post
637 1482 831 1561 ἀσχαλόωσαν
850 1485 984 1558 ponenda
1004 1502 1068 1544 esse
1089 1485 1256 1543 dubitanter
1276 1500 1341 1543 con-

194 1580 298 1638 ·iecit
338 1576 381 1641 εἰς
410 1577 544 1635 dicuntur
572 1577 679 1635 habero
707 1576 771 1636 edd.
802 1579 944 1650 nonnulli;
972 1579 1103 1656 χειμῶνα
1132 1595 1169 1636 m.
1195 1595 1238 1650 pr.
1264 1577 1341 1635 inP

219 1677 251 1730 et
264 1671 302 1729 W
316 1676 384 1728 ante
405 1685 492 1740 corr.;
509 1666 657 1744 μουλοῦσα
672 1669 703 1727 C.
724 1702 760 1711 -
781 1667 842 1727 339
863 1665 967 1744 ὡράων
988 1670 1047 1739 (vel
1061 1667 1186 1747 ᾫοάων)
1207 1670 1291 1728 codd.
1314 1675 1343 1728 et

220 1764 287 1823 edd.
308 1778 415 1833 omnes,
437 1761 513 1832 quod
526 1761 674 1819 Hermann
694 1779 722 1834 p,
739 1769 773 1820 21
795 1779 851 1820 non
867 1763 939 1821 anisi
953 1762 989 1820 de
1003 1763 1111 1821 celebri
1125 1762 1250 1834 quodam
1264 1763 1342 1836 apud

222 1858 382 1930 Spartanos
408 1860 492 1926 prato
516 1854 661 1912 Horarum
686 1855 800 1927 accipi«
828 1871 912 1928 posse
939 1855 1026 1928 dixit,
1052 1856 1175 1915 addens:
1212 1857 1281 1915 »De
1308 1872 1341 1915 eo

221 1950 290 2007 mibi
305 1948 420 2020 quidem
435 1948 506 2005 nihil
527 1949 632 2006 lectum
652 1965 745 2020 neque
759 1950 888 2008 auditum
902 1951 1004 2022 opinor
1019 1950 1150 2023 Oolntbo,
1165 1950 1243 2023 apud
1258 1966 1342 2022 quem

219 2059 306 2114 quum
327 2041 504 2114 respondeat
523 2042 695 2109 Hermiona,
720 2038 785 2097 οἶδα
805 2039 963 2107 κελεύθους
982 2038 1015 2108 ἐς
1032 2041 1135 2120 ῥόδον,
1155 2040 1189 2108 ἐς
1211 2042 1342 2119 λειμῶνα,

218 2135 359 2193 credibile
381 2141 426 2194 est
446 2135 588 2193 excidisse
608 2152 730 2207 versum,
751 2136 779 2191 in
801 2153 856 2207 quo
876 2142 1004 2195 rosetum
1019 2138 1064 2194 vel
1077 2153 1171 2208 rosae,
1192 2153 1343 2197 omamen·

220 2235 279 2287 tum
294 2229 448 2296 Horarum,
470 2234 709 2286 commemoratae
729 2226 863 2286 fuerint«
894 2229 934 2286 Et
954 2231 1074 2288 lacunae
1089 2230 1172 2303 sigua
1186 2236 1255 2289 ante
1268 2230 1343 2288 bunc

219 2339 335 2380 versum
355 2323 452 2394 posuit
471 2321 573 2379 Lehrs.
614 2321 719 2379 Melius
740 2321 898 2380 Schneider
920 2340 948 2395 p.
970 2329 1026 2382 446
1047 2319 1159 2398 δηοαῖον,
1185 2324 1204 2381 i.
1226 2340 1251 2382 e.
1273 2329 1343 2381 ten·

219 2417 362 2488 pestivum
387 2416 434 2472 vel
459 2413 608 2472 florentem
634 2431 687 2486 pro
717 2410 819 2490 δράων
845 2416 968 2474 coniecit
992 2417 1096 2475 collato
1122 2417 1224 2475 Niciae
1250 2418 1343 2490 epigr.

222 2510 252 2564 in
265 2508 381 2566 Antbol.
401 2507 462 2564 Pal.
478 2513 505 2578 9,
527 2512 582 2564 564
599 2505 724 2581 μέλισσα
744 2505 837 2576 ξουθὰ
856 2505 908 2585 ἐφ’
928 2505 1041 2585 δραίοις
1060 2506 1162 2567 ἄνθεσι
1178 2508 1341 2588 μαινομένα.

221 2601 268 2659 Ad
292 2602 440 2673 vulgatam
467 2600 603 2658 tuendam
628 2600 770 2659 Tournior
794 2619 823 2674 p.
845 2609 881 2660 42
908 2602 980 2661 bene
1005 2601 1115 2662 confert
1138 2603 1231 2662 Noun.
1258 2603 1341 2663 Dion

219 2695 328 2753 XLVII
349 2702 399 2755 20:

427 2812 549 2891 Δι’χροον
569 2810 723 2891 η’ρεύγοντο
740 2812 829 2891 ῥόδον
851 2813 1014 2889 λειμωνίδες
1026 2808 1117 2890 Ὧραι,

428 2906 476 2964 καὶ
497 2905 591 2984 κρίνον
613 2903 819 2964 αὐτοτέλεοτον
840 2903 1021 2983 έμαιώσαντο
1042 2906 1175 2964 κολῶναι.

220 3034 306 3092 Adde
325 3035 450 3093 XXXIV
473 3035 527 3093 107
549 3027 653 3089 οὔποτε
673 3034 748 3089 τοῖον
773 3031 876 3109 ἄγουσι
892 3031 981 3110 ῥόδον
1008 3032 1216 3110 λειμωνίδες
1228 3027 1343 3111 Ὧραι,
1363 3079 1368 3089 ,

221 3143 297 3199 quae
323 3129 352 3185 in
379 3144 460 3186 suum
491 3143 573 3184 usum
604 3132 772 3185 convertens
800 3126 922 3202 λειμῶνα
942 3125 1054 3204 ‘aaron
1084 3128 1158 3186 dixit
1184 3128 1343 3188 Oolluthus.

221 3220 336 3278 Deinde
353 3218 512 3298 ῥυδόεντος
533 3237 585 3293 pro
606 3217 782 3296 δροσόεντος
802 3221 859 3278 iam
880 3227 947 3279 ante
961 3237 1006 3279 me
1022 3221 1091 3279 ibid.
1104 3221 1176 3280 coni.
1191 3222 1344 3293 Tournior,

222 3315 329 3373 collato
349 3331 374 3372 v.
396 3320 450 3372 341
473 3319 503 3372 et
521 3315 624 3372 Nonno
644 3312 730 3371 Dion.
752 3313 781 3370 II
801 3314 845 3374 29.
876 3314 934 3373 Sed
954 3320 1114 3386 utrumque·
1127 3330 1219 3386 aeque
1239 3315 1346 3375 bonum

225 3413 278 3469 est.
318 3404 502 3480 δροσώεντος
521 3407 558 3479 Ρ,
586 3416 615 3464 et
635 3428 667 3479 α,
693 3407 742 3478 qui
768 3423 840 3465 corr.
867 3407 896 3464 in
921 3423 1025 3478 marg.;
1051 3405 1121 3483 ὑπερ
1143 3408 1190 3481 Μ,
1217 3403 1287 3486 ὅπερ
1309 3408 1346 3481 03

224 3499 345 3559 θεάσσει
364 3500 413 3568 Μ,
433 3497 561 3560 θαάσοοι
583 3498 604 3558 (l
625 3505 692 3558 ante
714 3516 785 3559 corr.
807 3532 844 3543 -
864 3497 928 3557 340
950 3497 967 3577 η
986 3500 1033 3568 Μ,
1057 3493 1073 3575 ἢ
1094 3500 1160 3557 αδδ.
1181 3517 1217 3558 m.
1239 3518 1296 3560 sec.
1318 3503 1347 3560 in

221 3611 311 3667 marg.
326 3593 360 3666 P,
374 3591 446 3670 11⁷3
458 3612 537 3670 χροα
550 3593 596 3664 Μ;
610 3592 730 3668 παρῶιοι
740 3594 781 3666 Μ,
795 3597 951 3669 πατρωΐοιο
964 3594 990 3650 Α
1004 3599 1071 3652 ante
1086 3611 1169 3667 corr,
1185 3595 1347 3655 GLNPSW

223 3692 253 3746 et
272 3687 353 3758 Ald.;
375 3683 553 3764 δλεσσαμένη
573 3687 619 3758 M,
646 3685 823 3764 λοεσσαμένη
849 3687 931 3747 codd.
954 3693 984 3746 et
1004 3687 1069 3745 edd.
1090 3704 1202 3760 omnes,
1229 3695 1348 3762 praeter

225 3780 412 3839 Scbaeferum
433 3786 463 3839 et
482 3780 643 3852 Lehrsium,
665 3782 714 3851 qui
735 3781 811 3852 quod
831 3787 898 3839 ante
911 3782 1106 3838 Hermannum
1126 3784 1166 3853 (p.
1182 3786 1231 3852 21)
1253 3781 1347 3840 conie-

224 3878 306 3932 cerat
325 3875 383 3931 iam
403 3874 504 3946 Iulien,
529 3879 558 3931 et
578 3874 712 3948 probavit
729 3873 886 3932 Schneider
905 3893 932 3947 p.
948 3880 1013 3946 446,
1035 3872 1209 3951 λοεσσομένη
1229 3890 1349 3948 recepe-

221 3972 302 4037 runt3
329 3999 366 4008 -
392 3964 452 4024 841
481 3961 577 4043 ὤχετο
603 3967 649 4036 Μ;
679 3961 846 4043 ὁπευρώταο
868 3965 1007 4043 ῥεέθροις
1029 3968 1075 4037 Μ,
1104 3965 1175 4049 ὑπὲρ
1202 3962 1285 4044 (θπερ
1312 3968 1348 4039 G)

222 4056 357 4137 adpetitae
377 4055 443 4134 παρ’
473 4054 580 4136 ὄχθαις
600 4059 682 4118 codd.
705 4060 775 4118 deta.
798 4065 827 4117 et
848 4060 913 4118 edd.
935 4065 1002 4118 ante
1023 4059 1201 4133 Bekkerum,
1228 4065 1350 4134 praeter
