2880 4606
610 328 821 390 ..93-

153 529 326 587 praesens
346 514 520 584 verbiinae,
541 513 703 585 videndi,
725 512 943 586 admirandi,
964 513 1141 574 laudandi
1157 516 1278 575 autdo·

152 607 255 666 leudi
276 623 362 666 sensu
383 612 450 666 ante
465 604 642 679 Ὑάκινθον,
667 625 719 680 pro
739 605 942 684 παραγνάψας,
969 609 1091 666 inveniri
1112 614 1222 681 potest,
1247 608 1277 666 id

154 701 232 773 quod
253 700 385 772 equidem
405 699 513 758 frustra
538 701 693 772 quaesivi«
735 701 842 758 Veram
867 698 956 759 fuisse
979 700 1086 759 Graefii
1115 701 1151 759 de
1176 702 1279 759 lacuna

153 794 346 866 suspicionem
359 794 522 852 accuratior
538 793 646 851 codicis
660 792 833 851 Mutinensis
847 793 963 851 collatio
979 793 1119 852 ostendit.
1144 794 1275 865 Reliqua,

154 902 229 958 quae
251 885 382 945 Graeiius
403 887 440 946 ad
459 886 487 943 h.
508 888 527 944 l.
548 887 677 959 protulit,
702 886 877 958 improbavit
898 886 985 944 etiam
1007 886 1154 944 Hermann
1181 904 1208 958 p.
1233 893 1278 954 18,

156 981 244 1039 »nihil
265 983 339 1040 enim
365 982 471 1040 certius
497 996 581 1052 quem
606 977 796 1056 ποηοαηνάψας
815 979 844 1036 in
864 979 960 1037 medio
985 979 1110 1050 positum
1143 995 1221 1050 esse,
1248 985 1279 1037 ut

154 1077 194 1133 sit
214 1074 428 1144 deflectens3
450 1073 486 1130 ad
502 1071 649 1149 Καυνείοιο
665 1069 824 1128 Ὑακίνθου
846 1078 942 1130 autem
964 1072 1059 1143 repeti
1073 1071 1180 1129 dobere
1196 1067 1278 1147 θηεύ·

151 1186 244 1244 μενος
263 1164 366 1232 eldaa«
399 1167 552 1226 (laetarum
566 1166 604 1224 ad
617 1163 725 1240 κτέρας
739 1183 774 1223 cx
788 1165 972 1223 antecedenti
989 1180 1073 1222 versu
1088 1165 1277 1238 repetendum

155 1277 221 1320 esse
246 1258 404 1338 θηεύμενος
423 1262 496 1318 benc
518 1260 590 1318 vidit
611 1258 769 1317 Schneider
794 1276 821 1332 p.
849 1266 913 1317 414.
943 1291 974 1299 -
999 1256 1065 1315 242
1092 1257 1124 1315 θν
1145 1277 1215 1314 ποτε
1239 1260 1280 1330 Μ,
1321 1266 1324 1271 “

154 1349 259 1412 οὔποτε
278 1355 380 1427 Lito,
402 1351 506 1411 οὐοοτε
524 1356 558 1423 A,
580 1351 683 1410 οὐποτὲ
703 1353 725 1412 (i
745 1361 813 1412 ante
834 1370 917 1424 corn,
939 1349 972 1408 cir
988 1371 1058 1409 ποτε
1079 1352 1102 1412 G
1122 1359 1188 1425 post
1208 1368 1280 1410 corr.

155 1465 219 1507 cum
244 1449 342 1521 glossa
368 1447 415 1503 xci
440 1445 524 1518 ὅσους
550 1445 729 1520 κουρίζονται
753 1447 791 1517 L;
819 1444 962 1503 amolimur
985 1447 1031 1518 M;
1062 1480 1094 1487 -
1123 1445 1185 1505 243
1212 1465 1280 1520 αμυ-

157 1539 242 1598 κλέσν
262 1541 303 1614 Μ,
323 1539 488 1618 ἀμηκλαίων
509 1541 546 1612 Q3
567 1537 693 1617 ἡγήσατο
714 1542 746 1612 Q,
767 1536 916 1616 ἡηάσσατο
941 1540 976 1599 W
996 1543 1051 1611 lo3
1075 1537 1114 1617 μὴ
1135 1540 1195 1598 ΜΟ
1216 1539 1280 1609 (sed

155 1637 187 1692 in
206 1635 300 1710 hocp
321 1651 356 1692 ex
376 1639 461 1704 corr.)
482 1634 551 1705 Lo,
575 1631 614 1709 μη
635 1633 674 1704 A,
700 1631 735 1711 δη
755 1633 919 1706 PNRSV,
941 1632 990 1712 (μὴ
1010 1636 1067 1704 vel)
1093 1630 1127 1711 θη
1152 1651 1206 1694 om.
1228 1634 1281 1705 W3

154 1725 196 1783 διΐ
209 1727 248 1784 in
268 1727 301 1785 M
320 1726 444 1787 fortasse
465 1744 500 1785 ex
524 1724 558 1804 θη
577 1725 684 1785 factum
711 1733 755 1784 est
776 1743 793 1785 a
812 1743 849 1784 m.
872 1745 915 1800 pr.
937 1726 974 1783 θα
994 1729 1034 1800 A,
1060 1726 1096 1784 δέ
1119 1727 1148 1783 οἱ
1171 1745 1223 1800 pro
1244 1725 1284 1783 δά

155 1822 247 1880 habet
259 1820 297 1879 W
316 1821 346 1877 in
366 1824 447 1878 textu
467 1818 513 1889 (δὲ
534 1817 574 1876 δά
590 1837 626 1877 m.
641 1836 698 1878 sec.
713 1821 741 1877 in
763 1827 881 1893 marg.l;
903 1820 932 1877 in
954 1823 1084 1893 margine
1098 1820 1132 1879 δὲ
1152 1820 1181 1877 οἱ
1193 1821 1281 1879 habet

156 1915 189 1987 P,
210 1912 244 1972 δὲ
257 1911 288 1970 οἷ
298 1914 327 1973 S.
350 1946 383 1954 —
407 1912 471 1971 244
487 1911 645 1989 σκυτομένη
660 1913 693 1984 Q,
715 1912 872 1989 κλυζομένη
886 1914 920 1985 L,
942 1913 1103 1991 σκυζομένη
1117 1916 1180 1972 rell.
1196 1914 1278 1974 codd.

157 2013 188 2066 et
212 2007 278 2065 edd.
304 2014 372 2066 aute
398 2007 499 2065 Lehrs.
522 2040 556 2048 -
578 2006 664 2064 τοῦτο
691 2007 736 2065 W.
762 2040 793 2048 ·—
817 2009 848 2064 ln
876 2009 994 2079 vulgata
1020 2009 1121 2066 horum
1147 2024 1280 2066 versuum

156 2101 281 2160 lectione
301 2101 409 2173 primus
434 2100 553 2158 offendit
572 2100 706 2172 Lennep‚
733 2116 796 2157 cum
822 2116 915 2170 nequo
939 2100 1010 2170 Iovi,
1036 2116 1129 2170 neque
1150 2101 1280 2160 Latonae

157 2194 187 2250 in
208 2191 264 2252 hac
283 2192 382 2252 fabula
402 2195 478 2251 ullae
499 2197 664 2266 competant
684 2200 797 2266 partes,
819 2210 911 2265 neque
937 2195 1008 2251 satis
1029 2195 1159 2266 intellegi
1180 2195 1280 2267 possit,

157 2302 233 2359 quae
258 2285 346 2346 fuerit
370 2288 420 2345 illa
445 2287 575 2345 Latonae
600 2288 629 2344 in
654 2287 750 2345 Iovem
776 2289 835 2355 ira,
864 2294 893 2344 ot
917 2289 981 2357 quis
1007 2287 1056 2344 ille
1082 2294 1173 2345 metus
1197 2289 1280 2360 Amy·

157 2381 312 2452 claecrum,
338 2396 374 2438 ne
395 2380 507 2437 Latona
527 2380 721 2451 Hyacinthum
748 2380 914 2439 abduceret.
957 2382 1053 2453 Quare
1079 2381 1200 2454 primum
1227 2399 1280 2454 pro

155 2469 191 2550 δὴ
213 2469 254 2528 δαῒ
274 2470 351 2550 λητώ
371 2473 488 2545 scripsit
508 2472 577 2548 δηΐθ
599 2471 686 2549 diruo
708 2479 738 2531 et
754 2491 806 2546 pro
827 2473 987 2552 σκυζομένη
1008 2472 1197 2550 σωζομένους
1222 2476 1280 2533 sita

160 2566 372 2638 videriposset
392 2565 530 2625 Goluthus
551 2568 689 2639 voluisse,
710 2567 881 2638 Amyclaeos
909 2568 1132 2627 admirabundos
1153 2585 1278 2642 pugnam

157 2659 284 2732 Zephyri
303 2658 340 2717 ob
360 2659 390 2715 id
404 2659 566 2730 Hyacinthe
587 2660 738 2731 indignati,
760 2660 835 2730 quod
850 2660 1013 2732 Apollinem
1033 2662 1089 2719 sibi
1109 2661 1279 2733 praeferret,

158 2753 337 2825 spectavisse
358 2768 450 2823 caque
475 2767 539 2810 sese
560 2752 739 2810 oblectantes
760 2753 954 2825 Hyacinthum
976 2752 1147 2826 adduxisse,
1174 2760 1207 2811 ut
1227 2756 1281 2812 sci-

158 2846 230 2905 licet
244 2861 308 2903 cum
323 2845 454 2918 Zephyro
468 2849 622 2902 certaret«.
653 2845 759 2904 Postea
780 2851 876 2903 autem
892 2847 1061 2919 intellegens
1083 2847 1209 2905 admissa
1229 2849 1283 2906 hac

160 2938 326 2998 coniectura
347 2939 498 3010 sequentia
522 2935 614 3014 αὐτὰρ
636 2934 773 2995 Ἀπόλλων
793 2934 846 2994 οὐκ
868 2934 939 3016 ἐδάη
960 2960 987 2995 κ.
1003 2961 1028 2996 τ.
1046 2940 1069 2996 λ.
1096 2942 1188 3000 minus
1209 2942 1282 3000 bene

158 3048 233 3092 nexa
263 3049 341 3101 esse,
367 3029 438 3110 δηΐθ
463 3030 551 3109 άητου
579 3037 644 3105 (pro
673 3031 746 3110 δηΐθι
775 3030 875 3108 ἀητου)
908 3034 1028 3091 retinuit
1053 3040 1082 3092 et
1107 3034 1283 3110 σκυζάμενος

157 3127 291 3200 scripsit,
317 3133 347 3185 et
371 3124 519 3204 ἠγάσσατο
543 3127 707 3186 Brodaeum
734 3134 850 3186 secutus
876 3128 964 3185 vertit
993 3131 1155 3187 venerati
1188 3136 1282 3201 sunt3

157 3217 208 3274 καὶ
228 3217 327 3277 τοῦτον
348 3215 485 3298 άνηηαηεν
511 3226 606 3278 autem
634 3237 707 3280 »non
733 3222 809 3279 male
831 3221 918 3279 etiam
939 3237 957 3278 a
976 3221 1110 3281 Brodaeo
1138 3222 1283 3280 redditum

158 3315 196 3370 ct
213 3311 305 3370 huuc
325 3312 358 3369 in
384 3313 501 3371 urbem
527 3319 761 3385 receperunt,
788 3313 918 3383 quamvis
939 3313 1036 3370 malim
1057 3313 1226 3385 simpliciter
1247 3318 1283 3372 et

91 3410 95 3417 '
157 3404 259 3462 illum
281 3405 521 3477 abduxerunt,
545 3422 580 3463 ne
601 3407 711 3464 scilicet
732 3423 796 3463 cum
816 3407 948 3479 Zephyro
968 3422 1101 3480 pugnans
1121 3408 1280 3464 interiret«

159 3496 302 3557 vitiosam
316 3513 380 3557 osse
393 3497 534 3571 Lennepii
556 3500 749 3558 coniecturam
771 3501 815 3557 vel
829 3507 949 3572 propter
963 3500 1173 3558 intolerabilem
1190 3500 1283 3558 elisio·

158 3605 235 3663 nem,
254 3591 396 3649 neminem
416 3592 503 3650 hodie
523 3594 605 3650 latet.
644 3594 735 3652 Inlien
756 3593 827 3651 nihil
847 3594 902 3651 nisi
924 3590 1030 3670 νοησας
1049 3594 1078 3650 in
1101 3590 1201 3670 νόησεν
1223 3608 1282 3649 mu-

160 3683 248 3753 tavit,
274 3690 304 3743 et
323 3686 423 3743 vertit:
451 3686 617 3758 »obstupuit
637 3703 704 3746 vero
726 3686 839 3744 Latona
860 3686 933 3758 Iovi,
955 3687 1032 3744 illins
1053 3703 1122 3758 crgo
1144 3687 1282 3759 irascens,

159 3782 191 3834 et
221 3792 285 3834 cum
320 3777 473 3850 abduxit«,
504 3778 645 3838 Latonam
676 3781 788 3838 scilicet
817 3780 961 3852 Apollinis
993 3779 1215 3837 amantissimam
1247 3795 1283 3836 ue

157 3869 291 3942 Iuppiter
310 3871 505 3943 Hyacinthum
531 3889 644 3944 quoque
670 3879 791 3946 propter
810 3874 990 3945 praeclaram
1013 3874 1074 3931 eius
1094 3872 1283 3944 pulchritudi-

157 3978 227 4021 nem
252 3964 411 4024 abduceret
435 3969 572 4025 metuisse
596 3973 686 4025 ratus.
732 3967 841 4026 Oensor
860 3966 1065 4038 Gottingcnsis
1093 3966 1129 4023 ad
1155 3966 1283 4039 mythum

158 4055 242 4115 nohis
273 4057 349 4115 haud
381 4059 502 4132 amplius
533 4065 629 4118 notum
661 4060 793 4118 allusisse
824 4066 939 4132 poetam
971 4058 1104 4117 credidit.
1152 4057 1283 4118 Graeiius
