2880 4604
613 317 824 378 ..34-

159 536 193 547 -
215 501 251 561 17
273 500 315 567 ὡς
334 503 372 573 Ρ;
393 499 418 557 ὡ
438 518 490 574 pro
506 502 622 573 vulgate
642 498 658 556 ὃ
678 500 724 571 Μ;
746 497 763 556 b
783 518 837 574 ego
857 503 968 574 scripsi.
1004 500 1049 560 De
1070 498 1207 579 ὣςὸμὲν
1228 503 1259 561 cf
1275 545 1282 558 .

156 596 254 654 Herm.
276 602 336 667 pa
363 593 436 653 »Hic
456 610 524 652 vero
544 595 594 652 ubi
614 594 683 651 nihil
703 596 872 666 praecessit,
894 610 949 666 quo
969 594 1114 654 referatur
1133 596 1204 653 illud
1228 593 1281 667 ὣς,

156 705 212 746 non
227 688 319 757 video,
335 687 476 760 quomodo
497 703 531 746 eo
554 687 596 743 uti
616 688 744 758 potuerit
764 693 859 759 poeta.
890 689 963 746 Nam
984 690 1008 746 si
1023 690 1164 747 Homerus
1178 689 1282 748 Iliadis

157 782 262 841 librum
281 781 338 839 XII
358 781 452 840 verbis
473 781 530 837 illis
551 776 594 845 ὣς
618 777 705 855 ὓμέν
735 785 765 838 et
791 780 864 837 alias
889 781 1059 854 rhapsodias
1088 783 1220 841 similiter
1238 784 1283 839 in·

157 876 243 948 cepit,
263 875 427 946 intelligere
448 873 550 932 debuit
567 873 715 945 coluthus,
736 873 845 932 iactum
858 874 887 931 id
902 891 967 933 esse
982 877 1031 946 sic,
1052 881 1086 932 ut
1105 892 1282 947 praegressa

60 966 75 991 ⁴
156 969 377 1041 respicerentur.
404 966 512 1026 Censor
524 967 779 1040 Heidelbergensis
790 986 817 1040 p.
826 975 890 1040 509,
905 968 1127 1041 comparandum
1138 967 1226 1027 fuisse
1239 970 1283 1026 ait

156 1063 340 1122 Homericum
361 1062 443 1122 odi
465 1070 508 1120 11.
530 1056 592 1118 ἔνθ’
617 1058 697 1118 ἄλλοι
713 1060 767 1137 μὲν
787 1060 899 1134 πάντες,
921 1060 985 1118 ὅσοι
1007 1057 1096 1138 φύγον
1117 1059 1195 1118 αἰπὺν
1216 1058 1281 1118 (ἵλε-

158 1155 242 1232 θρον,
266 1151 344 1212 Oinoe
363 1148 433 1212 ἔσαν
454 1156 569 1226 aliaque
590 1155 619 1211 in
639 1155 750 1213 medias
770 1171 818 1212 res
838 1155 983 1226 rapientia
1003 1155 1130 1212 exordia.
1170 1154 1282 1212 Horum

156 1249 259 1308 vellem
274 1250 413 1320 exempla,
428 1264 502 1319 quae
515 1249 621 1305 similia
635 1255 740 1318 essent,
762 1248 899 1306 dedisset.
935 1249 1009 1306 Nam
1025 1292 1031 1305 .
1048 1289 1054 1303 .
1071 1290 1077 1303 .
1094 1289 1101 1302 .
1116 1247 1281 1305 addendum

157 1350 229 1411 erat,
250 1340 354 1399 referri
367 1335 439 1398 ἔνθα
453 1341 490 1398 ad
504 1340 593 1398 verba
614 1348 671 1398 v.2
692 1343 796 1414 posita,
818 1339 879 1398 ἐπεὶ
902 1339 1001 1418 Τροίης
1021 1339 1096 1417 ἱερὸν
1109 1338 1282 1416 πτολίεθρον

157 1428 286 1508 ἔπερσεν,
306 1434 405 1504 itaque
424 1433 551 1491 indicato
572 1433 629 1490 iarn
650 1438 780 1505 ternpore
800 1440 880 1491 recte
902 1432 1009 1491 dictum
1030 1449 1103 1490 esse.
1141 1433 1282 1493 Goluthus

157 1528 212 1585 nisi
225 1525 310 1585 fallor
323 1526 483 1598 scripserat
503 1528 576 1581 τοῖσι
593 1523 657 1600 μὲν,
678 1533 710 1583 ut
723 1527 955 1598 intelligerentur
969 1542 1005 1583 er
1018 1543 1050 1584 re
1066 1527 1130 1598 ipsa
1144 1528 1282 1585 convivae

157 1621 187 1678 in
207 1620 314 1693 nuptiis
331 1619 421 1676 Pelei.
455 1619 545 1677 Error
565 1617 688 1677 fortasse
708 1635 742 1697 ex
764 1635 798 1678 eo
818 1625 912 1690 natus,
934 1619 1009 1690 quod
1030 1621 1059 1675 in
1079 1621 1280 1691 antiquissimo

157 1713 255 1774 codice
276 1713 415 1785 scripturn
441 1717 504 1771 erat
530 1715 587 1769 οῖσι
603 1709 683 1787 μέν,Η
696 1714 803 1772 omissa
827 1713 926 1770 littera
951 1713 1072 1785 initiali,
1099 1730 1172 1785 quae
1198 1716 1282 1773 utin

156 1809 247 1882 ipsius
270 1807 444 1866 narrationis
466 1806 583 1865 exordio
603 1813 670 1878 post
695 1814 772 1865 esset
797 1807 885 1865 rubro
910 1806 1083 1878 pingenda«.
1123 1807 1283 1865 Schneider

156 1919 184 1974 p.
197 1909 252 1962 432
273 1905 379 1963 collato
393 1905 508 1963 Stasino
531 1902 643 1977 (fragm.
658 1907 688 1962 in
702 1905 790 1963 schol.
806 1904 843 1962 ad
856 1903 888 1963 Il.
903 1924 922 1959 α
938 1911 966 1974 5)
987 1899 1019 1979 ἧν
1034 1901 1084 1959 ὅτε
1100 1904 1186 1979 μυρία
1200 1902 1280 1979 φῦλα

157 1997 404 2055 etAnth.Pal.1
426 2004 462 2055 92
487 1994 520 2073 ἧν
540 1995 590 2053 ὅτε
610 1995 738 2073 Χριστὸς
764 1995 840 2053 ibaar
866 2003 895 2055 ct
922 1996 958 2055 de
985 1998 1050 2054 aliis
1077 1997 1216 2054 similibus
1243 1997 1282 2054 ad

158 2089 342 2148 Schaeierum
364 2090 401 2148 ad
420 2091 501 2149 Bosii
521 2092 613 2163 ellips.
634 2109 660 2163 p.
677 2098 732 2149 543
754 2097 784 2148 et
803 2090 953 2148 Naekeum
973 2089 1100 2162 opuscl
1120 2108 1147 2162 p.
1164 2097 1219 2149 238
1240 2091 1282 2148 le·

157 2190 251 2242 ctores
272 2185 432 2253 remittens,
453 2177 485 2261 ἧν
502 2182 557 2258 μὲν
577 2180 625 2241 ὅθ’
650 2181 827 2260 ὑψιλόφοισιν
848 2185 979 2254 coniecit,
1000 2200 1052 2255 pro
1074 2198 1129 2253 quo
1151 2184 1281 2242 evanidis

157 2277 214 2335 iam
235 2278 342 2336 codicis
363 2279 512 2350 archetypi
533 2278 638 2335 litteris
660 2279 735 2335 male
763 2273 805 2341 ὣς
825 2276 841 2332 ὁ
859 2274 913 2350 μὲν
939 2277 1088 2348 scripserit
1114 2268 1217 2347 aliquis
1239 2277 1282 2334 in·

157 2370 330 2442 tempestiva
348 2370 550 2427 recordatione
576 2386 611 2427 ex
631 2387 677 2426 vv.
694 2372 738 2428 ll.
757 2377 819 2429 121.
837 2377 900 2427 145.
917 2377 980 2428 190.
996 2377 1060 2429 363.
1077 2376 1132 2428 385
1154 2369 1282 2428 ductum.

157 2459 249 2519 Lehrs
269 2463 298 2519 in
317 2462 410 2535 praei.
431 2481 461 2535 p.
471 2463 547 2521 VIII¹
564 2463 709 2535 vulgatam
731 2464 851 2522 retinuit
878 2465 963 2534 »quia
984 2469 1051 2521 ante
1070 2465 1146 2520 hunc
1166 2479 1282 2521 versum

157 2555 267 2626 aliquid
298 2555 439 2614 excidisse
465 2557 643 2629 probabilius
675 2557 757 2615 nobis
778 2557 907 2624 videtur,
932 2573 1005 2628 quae
1030 2557 1155 2628 suspicio
1181 2557 1211 2612 in
1236 2557 1281 2614 his

156 2648 290 2707 carminis
324 2650 491 2708 centonibus
525 2648 661 2707 facillime
693 2656 851 2709 movetur«.
894 2650 996 2721 Neque
1029 2655 1125 2707 tamen
1156 2650 1281 2708 lacunae

156 2741 239 2813 signa
259 2743 364 2814 posuit.
398 2743 556 2801 Hermanni
577 2745 652 2799 τοῖσι
671 2760 728 2802 non
741 2743 850 2802 habere
871 2761 926 2815 quo
941 2742 1093 2815 referatur,
1114 2748 1194 2801 recte
1214 2758 1282 2814 per-

156 2835 251 2908 spexit
275 2835 433 2894 Schneider
452 2854 480 2908 p.
495 2843 565 2908 432,
594 2837 674 2893 cuius
695 2837 889 2895 coniecturam
910 2838 978 2908 quin
1003 2838 1141 2910 recipiam
1161 2837 1281 2894 vitiosus

157 2931 190 2984 ut
209 2927 324 2985 videtur
347 2928 444 2985 hiatus
471 2929 571 2985 vetuit.
599 2926 652 2985 cfr.
666 2927 803 2987 Ludwich
824 2930 914 2987 Beitr.
929 2946 952 2985 z.
973 2929 1072 2986 Kritilr
1093 2929 1143 2987 des
1163 2929 1281 2988 Nonnos

155 3037 184 3091 p.
200 3026 245 3076 33.
268 3051 301 3059 -
324 3017 502 3095 υψιλόφοισιν
523 3019 569 3091 Μ,
600 3018 785 3096 toalopocori
807 3022 831 3092 Q
857 3021 924 3078 Ald.
944 3042 971 3089 a,
998 3022 1074 3093 quod
1099 3021 1282 3080 curretiam

155 3111 301 3170 Perdrier.
315 3109 480 3188 ὑψιλόφοισι
492 3113 521 3179 (λ,
537 3110 721 3189 ὑψελόφοισιν
737 3113 775 3184 G;
790 3109 953 3188 ενούρεσσιν
964 3114 997 3171 Μ
1009 3122 1034 3173 1.
1055 3110 1086 3170 ἐν
1099 3108 1233 3188 οὔμεσσιν
1243 3131 1281 3171 m.

155 3205 297 3264 rec.inM.
310 3201 458 3281 αἶμονιήινν
464 3205 505 3262 Μ.
517 3237 555 3246 -
566 3204 602 3262 18
614 3203 757 3280 νυμφιδῶν
767 3204 832 3263 Μ1.
848 3204 1000 3281 νυμφιδίων
1010 3205 1044 3262 Μ
1054 3213 1080 3263 2.
1093 3237 1127 3246 —
1140 3203 1176 3262 19
1190 3202 1283 3281 Ζῆνος

155 3293 713 3375 11111.π.;ἐωνοχόειΜ,ἐῳνοχέειυ;
731 3295 904 3375 γαννυμὴδης
913 3298 1047 3369 AOLN3
1062 3333 1092 3342 -
1107 3297 1151 3356 20
1166 3296 1283 3375 κυλΙδαί-

155 3461 245 3502 νουσα
256 3443 291 3515 Ο;
307 3476 341 3485 -
358 3441 397 3501 21
412 3439 579 3499 λευκόλενον
594 3441 629 3513 (1;
644 3405 816 3519 ἀμμιτμίτηῖ
826 3443 859 3500 Μ
871 3441 1045 3514 (coriam),
1060 3406 1231 3520 ἀμφιτρίτηὲ
1241 3445 1282 3514 R3

156 3619 191 3628 -
203 3583 249 3644 22
260 3581 320 3651 (aba
334 3581 762 3660 Μ(υο11.Μ2.);ἀπυυλύμποιο
770 3586 802 3642 Μ
810 3592 845 3658 1.,
856 3585 907 3640 ἀπ’
921 3581 1051 3644 οὐλ.Μ2.
1064 3549 1194 3642 οὐΜποιο
1206 3586 1237 3644 G.
1246 3620 1280 3629 —-

154 3679 227 3739 Post
245 3679 321 3736 hunc
333 3693 448 3735 versum
461 3676 584 3736 fortasse
606 3677 714 3735 excidit
735 3695 843 3750 versus,
866 3679 916 3750 qui
935 3679 1054 3738 verbum
1075 3696 1111 3737 ex
1132 3698 1157 3737 v.
1173 3687 1209 3738 20
1229 3682 1284 3738 mi-

155 3789 209 3829 nus
231 3768 378 3830 commode
400 3770 673 3842 subintelligendum
699 3772 882 3830 continuerit.
902 3804 940 3814 -
962 3769 1004 3830 23
1020 3756 1217 3847 μελισσίεντος
1235 3774 1283 3845 Μ;

155 3861 319 3939 ἀπευοδμου
329 3863 362 3921 Μ
376 3871 410 3935 1.,
426 3860 588 3938 ἀπεύόιλμου
600 3864 632 3921 Μ
646 3872 681 3935 2.;
696 3861 898 3941 ἐπεσσομένων
913 3865 938 3922 G
952 3871 982 3923 et
993 3866 1074 3924 Porti
1089 3866 1143 3938 eli,
1158 3864 1283 3924 ἀπεσσο-

152 3953 248 4032 μένων
269 3954 485 4034 (ἀπεσσημένον
505 3963 573 4016 ante
587 3973 660 4014 corr.
677 3959 713 4029 Q)
735 3958 799 4016 rell.
815 3958 887 4017 dett.
909 3963 939 4017 et
959 3957 1024 4016 edd.
1046 3975 1142 4016 omnes
1163 3965 1285 4030 praeter

156 4048 316 4124 Lehrsium,
335 4051 386 4122 ⁴qui
407 4047 442 4107 ἔκ
462 4049 497 4107 δὲ
517 4048 727 4128 Μελισσήεντος
747 4048 795 4107 ἀπ’
820 4047 943 4127 εὐόδμου
958 4049 1111 4115 Ἑλικῶνος
1132 4051 1226 4109 edidit
1248 4068 1285 4111 ex
