2880 4606
669 334 904 397 -122-

226 503 342 563 demum
362 500 434 581 ὑπὲρ
454 502 561 580 τεγέων
582 504 624 574 (in
644 502 826 562 conclavibus
846 501 991 575 supernis)
1011 503 1134 562 coniecit
1154 519 1190 561 ex
1210 503 1352 576 Trypbio·

230 597 301 658 doro
315 599 371 657 547
393 598 524 674 γυναῖκες
544 594 614 674 ὑπὲρ
634 593 742 670 τεγέων
762 592 888 666 dioneae,
914 595 984 653 licet
1002 611 1058 654 nou
1078 596 1256 667 ignoraverit
1281 593 1352 673 ὑπὲρ

232 689 344 770 λεχέων
358 692 446 750 etiam
460 690 538 764 apud
550 691 682 750 Nonnum
698 687 764 761 (Vll
778 695 845 760 313)
860 694 968 748 extare.
983 721 1017 732 —
1039 687 1101 747 876
1119 687 1254 766 μεθεηκοι
1274 708 1354 755 τινας

230 781 401 860 προλέλοιπα
421 786 556 861 γυναῖκας
569 784 610 856 Μ,
632 784 708 841 unde
728 783 903 842 deteriorum
917 783 1047 842 codicum
1062 789 1092 842 et
1106 783 1264 842 editionum
1279 784 1346 843 scri·

226 882 340 950 plurem
361 875 531 952 προλέλοιπα
550 875 629 941 τίνας
644 873 778 952 μεθέηκα
791 876 899 934 mutavi
913 875 1053 935 suadente
1068 877 1155 935 etiam
1170 862 1350 936 Sclfneidero

226 988 254 1044 p.
270 977 335 1029 418.
377 968 492 1028 Graefio
512 986 540 1042 p.
556 970 611 1027 257
632 969 661 1025 in
682 968 713 1025 M
739 968 806 1026 libri
833 969 977 1041 scriptura
1002 971 1082 1026 ποῖον
1107 963 1179 1045 ὄρος
1201 967 1353 1046 μεθέηκα,·

227 1063 302 1122 τίνοι
321 1060 491 1139 προλέλοιπα
511 1061 574 1119 τίν’
595 1057 722 1137 άγκεα,·
742 1061 834 1119 latere
854 1062 945 1119 visum
966 1066 1039 1134 erat,
1061 1063 1221 1135 »synlzesin
1242 1067 1351 1130 minen,

228 1157 322 1230 qualis
342 1157 372 1212 in
397 1152 491 1230 ἄγκεα
517 1161 607 1227 esset,
634 1157 779 1213 evitarunt
801 1156 832 1212 bi
852 1156 947 1214 Nonni
975 1161 1148 1228 sectatores;
1173 1161 1355 1215 contractum

228 1256 325 1310 autem
346 1244 420 1325 ἄγκη
439 1248 524 1306 nimis
544 1262 563 1306 a
584 1247 653 1307 Ood.
668 1249 699 1306 M
719 1248 839 1306 recedit.
879 1249 982 1320 Neque
1010 1249 1167 1321 repetitum
1193 1248 1267 1307 illud
1292 1246 1356 1307 τίνα

230 1345 301 1402 satis
322 1349 390 1416 apte
410 1343 544 1415 positum.
585 1342 630 1399 An
650 1340 774 1400 fortasse
795 1338 938 1416 σύναγκος
957 1342 1080 1414 dictum,
1106 1349 1139 1401 ut
1159 1341 1352 1420 οιννάγκειαῖι

231 1436 384 1496 Caeterum
396 1433 523 1510 dpocW3
537 1433 668 1499 κολῶνας
679 1433 841 1505 ONPWa3
852 1432 1025 1509 μεθέλκαΙι.
1036 1467 1074 1479 -
1089 1436 1243 1509 Sequentis
1254 1456 1359 1499 versus

229 1530 302 1602 loco,
325 1544 408 1601 quem
424 1527 582 1587 Schneider
601 1527 657 1585 hnc
677 1528 862 1600 transposuit,
884 1528 951 1585 olim
972 1529 1124 1600 legebatur
1138 1548 1163 1589 v.
1179 1538 1246 1605 388,
1267 1550 1353 1606 quem

230 1623 353 1681 lacunae
377 1622 466 1693 signis
491 1626 558 1694 post
583 1638 608 1679 v.
629 1624 683 1680 375
710 1621 812 1694 positis
837 1619 957 1695 Lennep
988 1623 1082 1681 minus
1112 1626 1260 1685 commode
1287 1633 1355 1700 post

227 1734 254 1774 v.
275 1716 330 1774 378
355 1720 545 1788 transponere
577 1715 680 1785 voluit,
710 1713 852 1786 probante
882 1714 1025 1774 Harlesio.
1072 1715 1180 1776 Gontra
1205 1718 1355 1780 Graefius:

233 1809 310 1869 Ante
330 1810 405 1867 hunc
427 1825 538 1867 versum
567 1813 685 1880 »aperte
712 1807 742 1864 id
767 1807 863 1876 deest,
889 1808 1073 1867 Hermionam
1100 1812 1280 1881 quaesivisse
1306 1812 1357 1884 (cf.

227 1919 254 1960 v.
282 1906 350 1974 386)
375 1909 497 1960 matrem
522 1901 629 1972 ubique
654 1901 711 1967 ita,
747 1906 780 1959 ut
804 1901 914 1958 nullum
939 1907 1065 1960 montem
1093 1907 1350 1979 praetermitteret,

231 2002 264 2055 ut
283 2014 308 2057 v.
324 1998 380 2055 374
402 1994 515 2053 dicitur.
554 1995 612 2053 Sed
632 1995 679 2053 bic
698 2011 797 2052 rursus
818 1995 932 2053 videtur
951 1997 1055 2054 lacuna
1076 2013 1154 2069 esse;
1184 2005 1263 2058 certe
1285 2007 1354 2073 post

228 2106 254 2147 v.
275 2092 330 2148 375
359 2091 502 2150 sententia
528 2096 629 2163 aperte
655 2087 824 2161 imperfecta
849 2093 908 2146 est:
938 2088 968 2146 id
989 2089 1062 2147 enim
1089 2090 1165 2162 quod
1186 2091 1350 2166 Lennepins

230 2186 318 2244 vertit
348 2187 486 2258 [osiocine
515 2185 737 2258 properabas
768 2183 806 2240 ad
836 2184 978 2242 vinculum
1008 2181 1151 2242 formosae
1178 2183 1349 2260 Venerisle]

229 2279 404 2340 Hermionae
430 2282 459 2338 in
485 2287 609 2338 mentem
635 2280 732 2336 venire
758 2295 814 2337 non
834 2278 936 2352 potnit.
976 2279 1067 2337 Paulo
1092 2279 1271 2351 probabilius
1292 2298 1355 2340 ver·

226 2391 293 2448 ¹sum
308 2378 363 2434 375
388 2376 447 2446 [ed.
466 2372 606 2446 Bekkea]
637 2380 703 2446 post
722 2390 746 2430 v.
768 2374 822 2432 377
849 2373 925 2431 idem
945 2373 1111 2446 Lennepius
1138 2376 1353 2448 transponebat

231 2467 289 2525 Sed
315 2468 357 2526 sic
378 2468 549 2525 Hermiones
575 2468 668 2524 oratio
695 2482 750 2523 non
776 2467 916 2537 integrior
936 2473 994 2538 est,
1020 2471 1050 2524 et
1068 2466 1139 2524 illud
1160 2462 1237 2524 οὕτω
1258 2487 1284 2526 ν.
1300 2472 1354 2529 375

234 2559 358 2617 suadere
378 2561 475 2633 potius
495 2560 618 2631 videtur,
639 2565 672 2616 ut
691 2559 728 2617 de
748 2561 961 2632 comparatione
983 2561 1141 2632 cogitemus
1160 2563 1264 2622 veluti:
1373 2567 1378 2572 '

338 2685 415 2748 οὕτω
436 2687 621 2765 καλλικόμοιο
639 2685 708 2765 μεθ’
727 2686 872 2764 (Αμμονιης
890 2687 967 2765 πμλν
987 2687 1109 2766 άδίτης

336 2782 496 2849 άοτατος
515 2777 568 2860 ἤιε
589 2780 744 2858 Κάδμος,
766 2778 824 2859 ἑην
844 2781 873 2838 δ’
893 2779 954 2852 οὐχ
974 2777 1079 2857 εὗρεν
1099 2779 1271 2860 ἀδελφηνε

200 2962 201 2966 ,
231 2912 361 2984 cogitari
381 2912 468 2971 etiam
489 2916 604 2984 posset,
632 2911 724 2969 latere
745 2904 823 2966 οὔπω
844 2911 873 2967 in
894 2905 985 2982 οὕτω,
1006 2915 1039 2968 ut
1058 2908 1215 2970 Hermione
1235 2927 1268 2969 se
1288 2915 1355 2969 anto

233 3011 396 3064 contractas
417 3006 533 3078 nuptias
554 3012 684 3063 amatre
705 3005 795 3063 solam
816 3004 911 3063 deseri
932 3004 1058 3063 doleret:

332 3129 440 3209 οὔπω,
461 3132 646 3210 καλλικόμοιο
665 3132 737 3211 μεθ’
757 3132 889 3212 άμμονιην
906 3130 1072 3210 Ἀφροδίτης

330 3224 486 3306 μητέρος
505 3227 581 3287 ἀντὶ
600 3230 719 3307 φίλης,
737 3250 798 3306 μοι
817 3227 901 3308 άνημ
922 3229 1026 3306 φίλος
1044 3226 1143 3287 ἐστὶν
1164 3227 1317 3306 ἀρωγός.

232 3361 338 3421 Verum
352 3357 490 3416 ridendus
505 3374 576 3430 sum,
598 3358 712 3430 quibis
732 3358 848 3416 somniis
868 3364 981 3430 tempus
1002 3359 1150 3430 perdam«.
1182 3356 1354 3416 Graelins

230 3473 259 3529 p.
275 3457 339 3514 257.
373 3453 520 3510 Hermann
540 3470 568 3526 p.
584 3460 630 3519 22,
652 3469 736 3524 quem
759 3458 874 3511 secutus
894 3459 940 3510 est
952 3454 1054 3526 Lehrs,
1074 3468 1188 3510 versum
1209 3454 1258 3525 qui
1278 3469 1354 3511 nuuc

232 3555 278 3608 est
298 3551 353 3608 337
377 3564 410 3606 eo
425 3563 481 3619 quo
495 3563 570 3604 nunc
591 3554 635 3604 est
648 3547 711 3606 loco
729 3546 892 3620 ponendum
908 3563 972 3605 esse
986 3553 1066 3605 recte
1079 3547 1237 3619 perspexit,
1261 3561 1356 3604 emen·

232 3641 378 3699 dationem
404 3645 501 3696 tamen
526 3635 649 3711 perfecit
674 3637 831 3697 Schneider
855 3655 884 3711 p.
904 3645 977 3711 415,
1007 3637 1056 3709 qui
1080 3653 1180 3696 versus
1208 3638 1284 3697 sicut
1309 3639 1356 3696 hic

231 3735 369 3807 leguntur
389 3732 544 3805 disposuit,
570 3748 634 3789 cum
657 3731 834 3790 incommode
855 3748 880 3789 v.
895 3733 951 3790 377
973 3731 1039 3789 olim
1059 3736 1127 3803 post
1145 3748 1170 3789 v.
1186 3738 1242 3790 388
1262 3732 1355 3790 lectus

231 3829 283 3899 sit,
311 3832 481 3900 »postquam
506 3825 582 3883 enim
608 3841 627 3882 a
651 3830 744 3882 matre
768 3824 925 3883 Hermione
950 3824 1061 3882 audivit
1084 3824 1178 3897 ipsam
1203 3840 1222 3882 a
1247 3824 1355 3884 Paride

232 3936 295 3978 esse
315 3930 437 3993 raptam,
457 3919 591 3979 uoniam
611 3919 706 3992 potuit
725 3919 826 3991 vagari
847 3924 876 3976 et
896 3934 1036 3989 quaerere
1057 3923 1206 3976 matrem«.
1234 3951 1270 3960 -
1296 3915 1356 3978 377

228 4032 322 4091 ματην
341 4010 479 4077 επλάζετο
499 4012 547 4083 M,
569 4010 661 4090 μάτην
682 4007 821 4077 ἐπλάζετο
846 4011 929 4070 codd.
952 4018 981 4070 et
1006 4010 1072 4069 edd.
1092 4010 1171 4082 reli,
1192 4011 1256 4084 qui,
1282 4012 1357 4070 sicut
