2880 4606
621 318 836 380 ..97-

159 501 198 561 ab
217 502 330 561 Iuliano
350 507 380 561 et
399 502 530 562 Lehrsio.
561 499 649 580 αὐλῆς
674 501 804 562 defendit
824 503 984 562 Schneider
1003 522 1032 577 p.
1053 507 1120 576 427,
1141 504 1209 576 quia
1228 504 1285 562 Pa-

158 594 253 654 ridem
275 611 347 669 »par
368 601 433 655 eret
452 597 610 656 consistere
629 592 677 654 ἐπὶ
701 594 861 673 προθύροις
880 594 966 654 οὐδοῦ
986 593 1028 654 ἐπ’
1056 593 1169 654 αὐλείου
1190 596 1287 668 (Hom.

159 687 215 747 Od.
236 689 251 746 Ι
272 695 326 748 103
345 705 387 760 sq.
409 689 443 746 Il.
462 689 519 761 XI,
541 690 596 748 772
613 693 687 760 sqq.)
709 690 727 746 i.
748 705 773 747 e.
794 690 823 747 in
844 691 942 747 limine
962 690 1109 749 interioris
1130 685 1232 767 αὐλῆς,
1256 692 1287 748 in

159 779 461 857 ηυυΙονὶυἝρκείου
485 780 632 848 statuit,
657 798 713 841 non
738 783 891 842 exterioris
916 783 946 840 in
972 799 1030 854 qua
1054 782 1169 841 stabula
1195 790 1286 842 erant.

158 875 240 933 illam
266 875 371 934 relicto
397 874 525 934 thalamo
550 875 683 946 ingressa
706 874 819 933 Helena
846 878 891 946 (ut
915 880 1085 948 precaretur
1110 877 1212 948 opinor
1236 883 1288 936 aut

160 983 246 1027 sacra
266 966 377 1027 faceret
402 967 439 1025 ad
459 968 535 1026 Iovis
561 971 654 1036 aram)
680 984 766 1039 quum
786 968 885 1025 Parim
912 968 1033 1027 vidisset
1058 968 1096 1027 ad
1120 969 1287 1028 ulteriorem

160 1065 275 1134 portam
301 1065 428 1119 stentem
454 1060 564 1118 intrare
589 1062 674 1118 iussit
698 1061 728 1118 in
752 1061 827 1118 banc
851 1062 944 1134 ipsam
971 1057 1056 1139 οὔλην
1082 1069 1112 1121 et
1136 1059 1172 1128 ἐς
1193 1062 1287 1142 μυχὸν

159 1148 266 1231 ἢγαγεν
285 1150 401 1231 αὐλῆς.
441 1155 484 1212 ita
504 1155 579 1211 enim
603 1158 683 1211 recte
708 1154 816 1212 habent
841 1155 935 1213 libri«
959 1156 1077 1215 -Sed
1101 1173 1165 1215 eum
1185 1173 1288 1229 parurn

158 1248 311 1321 probabile
325 1247 364 1305 sit
376 1246 520 1303 Helenam
534 1260 598 1301 cum
618 1245 733 1316 hospite
753 1246 783 1302 in
803 1246 871 1304 aula
891 1245 1046 1323 νεοπηγέος
1069 1245 1179 1324 ὑψόθεν
1200 1243 1288 1325 ἕδρης

160 1337 304 1417 (λογυρέης
324 1339 361 1397 de
380 1338 468 1396 rebus
485 1338 685 1396 secretissimis
700 1336 914 1398 confabulatum
930 1356 1005 1412 esse,
1030 1347 1060 1398 et
1072 1341 1106 1398 M
1120 1341 1187 1399 libri
1201 1342 1287 1401 lectio

159 1433 262 1509 συλην,
283 1448 357 1504 quae
378 1433 408 1489 in
429 1431 621 1489 deterioribus
641 1430 723 1488 libris
744 1433 774 1487 in
797 1429 884 1508 αὐλῆς
903 1439 1035 1491 correcta
1054 1439 1111 1502 est,
1137 1435 1216 1493 hanc
1240 1453 1288 1495 vo·

159 1542 222 1584 cem
236 1541 272 1584 ex
290 1541 317 1582 v.
333 1532 388 1583 255
408 1525 465 1596 huc
483 1525 664 1597 immigrasse
685 1532 717 1583 nt
737 1542 882 1584 sumamus
904 1526 1020 1600 efficiat,
1042 1530 1142 1602 recepi
1159 1528 1287 1587 Bekkeri

159 1619 354 1678 coniecturam
384 1618 543 1678 Tournerio
574 1636 687 1690 quoque
718 1623 758 1692 (p.
784 1628 833 1690 32)
863 1622 1023 1693 probatam.
1058 1657 1091 1664 —
1126 1622 1189 1682 aba
1221 1641 1287 1699 εφε-

160 1743 297 1822 δρῆσσειν
309 1746 351 1818 Μ,
371 1724 546 1822 ἒφεδρήσειν
560 1745 692 1818 NPRS,
714 1709 895 1824 έφυειδρὴσειν
911 1750 935 1820 Q
949 1756 1035 1819 (corr.
1054 1767 1091 1807 m.
1106 1754 1186 1823 sec),
1206 1746 1288 1826 ἐφαι-

161 1834 296 1916 δρησσειν
315 1839 350 1896 Δ.
387 1839 564 1897 Vocabulum
584 1833 777 1916 ἐφεδρήσσειν
797 1840 867 1899 alibi
887 1858 1001 1912 quoque
1022 1850 1059 1911 (v.
1081 1859 1105 1901 c.
1126 1845 1156 1901 in
1176 1844 1287 1902 Antho-

158 1932 237 2003 logia
260 1931 395 1991 Palatina
423 1937 452 1990 et
477 1932 555 2003 apud
580 1932 725 2000 Nonnum)
752 1938 852 1990 extare
878 1934 1028 2006 ignorans,
1054 1933 1215 2011 ἐφεδρίζειν
1241 1936 1287 1993 vel
1347 1981 1350 1988 .

158 2011 346 2100 ἐφεδρίσσειν
360 2027 462 2097 reponi
478 2026 564 2083 iussit
576 2025 705 2099 Lennep.
723 2059 756 2068 -
772 2021 859 2103 ἕδρης
872 2027 944 2098 AL;
960 2061 994 2069 -
1011 2027 1074 2087 259
1089 2027 1233 2105 ἀργυρεης
1245 2028 1285 2098 Μ,

158 2115 302 2194 δογυρέος
322 2116 350 2188 S,
372 2113 514 2193 deripere
533 2118 573 2188 V3
594 2114 758 2189 ἐπέστελλε,
779 2124 812 2175 ut
832 2119 888 2176 vid.
911 2120 950 2190 Q3
972 2152 1005 2160 —
1029 2117 1161 2199 οόκεῖχεν
1181 2121 1229 2192 Μ;
1250 2155 1283 2162 -

159 2210 227 2271 260
253 2209 315 2268 ἀλλ’
339 2208 390 2268 ὅτε
415 2212 575 2283 MALNQ
602 2218 632 2269 et
657 2212 722 2269 edd.
749 2218 816 2270 ante
844 2212 987 2284 Lennep.,
1015 2214 1063 2284 qui
1091 2213 1168 2284 quod
1192 2213 1288 2272 Daus-

159 2301 261 2378 queius
282 2306 455 2378 coniecerat,
476 2308 506 2362 et
527 2305 603 2364 OPS
624 2304 740 2376 habent,
761 2301 866 2361 ἄλλοτε
886 2306 1007 2378 recepit.
1043 2306 1139 2364 »Nihil
1160 2306 1286 2379 suspecti

157 2398 283 2457 haberet
302 2398 348 2456 bic
368 2400 458 2468 locus,
479 2399 504 2454 si
524 2399 672 2471 legeretur
692 2394 795 2453 ἄλλοτε
812 2396 874 2473 μέν.
910 2398 993 2469 erod
1013 2398 1080 2456 libri
1100 2416 1198 2458 omnes
1219 2399 1285 2472 [λὲ]

157 2488 268 2550 habent
289 2489 394 2548 ἄλλοτε
414 2490 463 2566 δή,
486 2507 590 2551 vereor
610 2508 646 2550 ne
667 2491 848 2551 scribendum
868 2493 907 2550 sit
927 2490 1031 2548 cillere
1051 2490 1098 2565 ds',
1120 2493 1286 2552 exciderent

160 2590 259 2643 autern
285 2585 396 2656 aliquot
422 2601 535 2653 versus,
561 2586 591 2641 in
616 2585 719 2655 quibus
740 2583 867 2642 fortasse
891 2601 954 2642 cunr
979 2586 1114 2658 Apolline
1138 2603 1286 2660 compara·

158 2676 246 2736 betur
258 2678 352 2749 Paris,
373 2679 472 2736 omissi
492 2678 535 2735 illi
555 2694 608 2749 per
622 2678 838 2750 negligentiam,
860 2677 1015 2735 aberrante
1029 2679 1112 2735 oculo
1128 2679 1166 2736 ad
1180 2676 1285 2736 uiliore

150 2768 194 2828 ’δὲ
220 2771 256 2829 ab
283 2769 388 2829 cillere
414 2772 482 2848 μέν,
507 2772 584 2842 quod
605 2772 737 2844 superius
761 2771 887 2842 positum
913 2772 1065 2842 neglexit«
1107 2771 1285 2829 Hermann

157 2882 187 2938 p.
204 2871 250 2938 19,
271 2867 319 2923 cui
338 2866 493 2925 obsecutus
514 2884 540 2923 v.
556 2873 612 2924 260
633 2863 738 2921 ἄλλοτε
758 2861 792 2921 δὲ
813 2865 931 2935 scripsit
950 2870 980 2922 et
992 2865 1114 2921 lacunae
1129 2871 1196 2922 ante
1209 2864 1286 2921 bunc

158 2975 274 3017 versum
294 2960 407 3030 signum
428 2960 526 3032 posuit
544 2960 647 3018 Lehrs.
688 2958 746 3017 Sed
766 2964 846 3016 recte
869 2964 971 3018 contra
991 2958 1149 3017 Schneider
1169 2975 1197 3030 p.
1218 2963 1284 3016 441.

158 3058 230 3110 442:
259 3053 410 3123 »equidem
430 3061 604 3111 tamennon
624 3053 722 3124 video,
747 3069 798 3110 eur
818 3058 982 3125 suspectam
1002 3053 1125 3112 habeam
1145 3054 1284 3123 voculam,

155 3144 243 3203 modo
263 3161 300 3203 ne
320 3146 358 3203 ad
379 3163 465 3203 unum
486 3142 591 3202 ἄλλοτε
611 3151 657 3216 (ut
676 3147 704 3202 in
719 3147 751 3204 Il.
774 3153 818 3218 13,
836 3148 890 3204 776
911 3143 1015 3204 ἄλλοτε
1035 3146 1069 3225 δη
1088 3166 1158 3203 ποτε
1175 3146 1284 3222 μᾶλλον

157 3235 288 3313 ἐρωῆσαι
307 3236 454 3314 πολέμοιο)
481 3238 533 3296 sed
559 3238 596 3296 ad
620 3245 711 3297 totam
737 3240 964 3298 enuntiationem
988 3239 1135 3299 referatur
1154 3243 1183 3298 in
1208 3241 1284 3298 hune

155 3330 288 3390 modum:
309 3348 376 3390 non
397 3333 534 3390 satiata
549 3337 605 3390 est
623 3332 799 3405 adspectu
820 3333 972 3402 iuvenis,
994 3334 1087 3392 alias
1108 3334 1284 3391 videlicet

157 3423 1282 3498 Cythereaeseputansliliumvidere,saepeautemBacchum.

156 3533 224 3574 nam
245 3513 349 3574 didere
368 3524 398 3576 et
410 3518 531 3574 πολλάκι
550 3517 585 3574 δέ
603 3519 780 3591 respondere
800 3519 856 3575 sibi
877 3524 1009 3591 apertum
1027 3525 1072 3577 est
1092 3519 1180 3593 [quae
1194 3520 1282 3577 etiam

158 3609 301 3684 Lennepii
322 3618 386 3669 erat
406 3613 562 3684 sententia]
584 3617 617 3668 ut
634 3618 701 3684 post
714 3608 861 3688 φαρέτρην
875 3628 931 3670 non
945 3614 1087 3670 maximae
1101 3612 1153 3670 sed
1168 3613 1281 3672 mediae

157 3705 384 3776 interpunclicni
409 3706 488 3763 locus
514 3706 566 3777 sit,
592 3705 705 3762 etiamsi
729 3721 748 3762 a
770 3705 925 3777 participio
951 3702 1084 3781 ὀισαμένη
1105 3705 1280 3763 adverbum

101 3861 103 3865 ¹
157 3793 281 3855 ἐδόκευε
301 3799 409 3856 transit
428 3800 531 3871 oratio,
552 3798 628 3869 quod
647 3798 675 3855 in
690 3798 831 3855 eiusmodi
844 3799 995 3856 verborum
1011 3805 1157 3856 structura
1169 3816 1226 3856 non
1239 3801 1282 3857 in·

156 3890 297 3949 usitatum
316 3891 406 3950 fuisse
422 3893 542 3951 Graecis
563 3897 677 3951 constat
690 3891 757 3948 inde
778 3891 813 3948 ab
828 3892 964 3963 Homero,
985 3908 1001 3948 e
1020 3909 1075 3963 quo
1090 3894 1221 3966 exempla
1235 3894 1282 3952 sat

153 3983 247 4041 multa
273 3984 356 4042 dedit
375 3984 528 4043 Bekkerus
554 3986 583 4041 in
603 3985 833 4042 Monatsbericht
859 3983 911 4040 der
936 3984 1026 4043 Acad.
1052 3984 1079 4046 d.
1105 3986 1282 4047 Wissensch.

206 4078 231 4118 n.
246 4077 329 4124 Abel,
348 4077 470 4121 conamus.
1059 4080 1075 4132 7
