<?xml version="1.0" encoding="UTF-8"?>
<!DOCTYPE html PUBLIC "-//W3C//DTD XHTML 1.0 Transitional//EN"
    "http://www.w3.org/TR/xhtml1/DTD/xhtml1-transitional.dtd">
<html xmlns="http://www.w3.org/1999/xhtml" xml:lang="en" lang="en">
 <head>
  <title>
</title>
<meta http-equiv="Content-Type" content="text/html;charset=utf-8" />
  <meta name='ocr-system' content='tesseract 3.04.00' />
  <meta name='ocr-capabilities' content='ocr_page ocr_carea ocr_par ocr_line ocrx_word'/>
</head>
<body>
  <div class='ocr_page' id='page_1' title='image "./colluthilycopol01collgoog_0086.png"; bbox 0 0 2880 4606; ppageno 0'>
   <div class='ocr_carea' id='block_1_1' title="bbox 614 321 826 384">
    <p class='ocr_par' dir='ltr' id='par_1_1' title="bbox 614 321 826 384">
     <span class='ocr_line' id='line_1_1' title="bbox 614 321 826 384; baseline -0.009 -14"><span class='ocrx_word' id='word_1_1' title='bbox 614 321 826 384; x_wconf 84' lang='lat'>..83-</span> 
     </span>
    </p>
   </div>
   <div class='ocr_carea' id='block_1_2' title="bbox 152 497 1276 585">
    <p class='ocr_par' dir='ltr' id='par_1_2' title="bbox 152 497 1276 585">
     <span class='ocr_line' id='line_1_2' title="bbox 152 497 1276 585; baseline -0.005 -19"><span class='ocrx_word' id='word_1_2' title='bbox 152 497 275 566; x_wconf 85' lang='lat' dir='ltr'><strong>Nonuus</strong></span> <span class='ocrx_word' id='word_1_3' title='bbox 298 514 343 580; x_wconf 86' lang='grc'>16,</span> <span class='ocrx_word' id='word_1_4' title='bbox 357 515 414 567; x_wconf 82' lang='grc'>398</span> <span class='ocrx_word' id='word_1_5' title='bbox 436 507 484 564; x_wconf 84' lang='grc' dir='ltr'>καλ</span> <span class='ocrx_word' id='word_1_6' title='bbox 504 505 609 585; x_wconf 81' lang='grc' dir='ltr'><em>δρόμον</em></span> <span class='ocrx_word' id='word_1_7' title='bbox 631 503 819 564; x_wconf 83' lang='grc' dir='ltr'><em>ἐννεάκυκλον</em></span> <span class='ocrx_word' id='word_1_8' title='bbox 841 500 1038 562; x_wconf 81' lang='grc' dir='ltr'><em>ἐπιστώσαντο</em></span> <span class='ocrx_word' id='word_1_9' title='bbox 1055 501 1173 580; x_wconf 78' lang='grc' dir='ltr'><em>σελήνης</em></span> <span class='ocrx_word' id='word_1_10' title='bbox 1186 505 1217 560; x_wconf 90' lang='lat' dir='ltr'>et</span> <span class='ocrx_word' id='word_1_11' title='bbox 1230 506 1276 574; x_wconf 83' lang='lat'>41,</span> 
     </span>
    </p>
   </div>
   <div class='ocr_carea' id='block_1_3' title="bbox 124 594 1293 4030">
    <p class='ocr_par' dir='ltr' id='par_1_3' title="bbox 124 594 1293 4030">
     <span class='ocr_line' id='line_1_3' title="bbox 159 594 1277 677; baseline -0.003 -19"><span class='ocrx_word' id='word_1_12' title='bbox 159 607 215 660; x_wconf 84' lang='grc'>158</span> <span class='ocrx_word' id='word_1_13' title='bbox 230 599 279 656; x_wconf 82' lang='grc' dir='ltr'>καλ</span> <span class='ocrx_word' id='word_1_14' title='bbox 293 598 399 677; x_wconf 80' lang='grc' dir='ltr'><em>δρόμον</em></span> <span class='ocrx_word' id='word_1_15' title='bbox 413 597 604 658; x_wconf 80' lang='grc' dir='ltr'><em>ἐννεάκυκλον</em></span> <span class='ocrx_word' id='word_1_16' title='bbox 617 596 806 676; x_wconf 85' lang='grc' dir='ltr'><em>ἀναπλήσασα</em></span> <span class='ocrx_word' id='word_1_17' title='bbox 820 596 940 676; x_wconf 84' lang='grc' dir='ltr'><em>σελήνης</em></span> <span class='ocrx_word' id='word_1_18' title='bbox 952 597 1088 655; x_wconf 88' lang='lat' dir='ltr'>laudatus</span> <span class='ocrx_word' id='word_1_19' title='bbox 1103 613 1121 654; x_wconf 91' lang='lat' dir='ltr'>a</span> <span class='ocrx_word' id='word_1_20' title='bbox 1133 594 1277 655; x_wconf 86' lang='lat' dir='ltr'>Bekkerc.</span> 
     </span>
     <span class='ocr_line' id='line_1_4' title="bbox 155 690 1278 770; baseline -0.004 -19"><span class='ocrx_word' id='word_1_21' title='bbox 155 725 195 736; x_wconf 91' lang='lat'>-·-</span> <span class='ocrx_word' id='word_1_22' title='bbox 216 691 277 751; x_wconf 83' lang='grc'><strong>216</strong></span> <span class='ocrx_word' id='word_1_23' title='bbox 298 691 372 750; x_wconf 86' lang='grc' dir='ltr'><em>ενδα</em></span> <span class='ocrx_word' id='word_1_24' title='bbox 389 693 436 766; x_wconf 69' lang='grc' dir='ltr'>Μ,</span> <span class='ocrx_word' id='word_1_25' title='bbox 457 693 662 770; x_wconf 79' lang='grc' dir='ltr'><em>διαστείχουσα</em></span> <span class='ocrx_word' id='word_1_26' title='bbox 675 692 717 764; x_wconf 88' lang='grc' dir='ltr'>Μ,</span> <span class='ocrx_word' id='word_1_27' title='bbox 736 692 764 750; x_wconf 87' lang='lat' dir='ltr'>A</span> <span class='ocrx_word' id='word_1_28' title='bbox 784 697 851 749; x_wconf 86' lang='lat' dir='ltr'>ante</span> <span class='ocrx_word' id='word_1_29' title='bbox 872 707 955 763; x_wconf 75' lang='lat' dir='ltr'>corr,</span> <span class='ocrx_word' id='word_1_30' title='bbox 978 690 1015 761; x_wconf 77' lang='lat' dir='ltr'>Q3</span> <span class='ocrx_word' id='word_1_31' title='bbox 1037 694 1067 747; x_wconf 89' lang='lat' dir='ltr'>et</span> <span class='ocrx_word' id='word_1_32' title='bbox 1087 690 1129 747; x_wconf 93' lang='lat' dir='ltr'>sic</span> <span class='ocrx_word' id='word_1_33' title='bbox 1148 704 1278 748; x_wconf 88' lang='lat' dir='ltr'>correxe-</span> 
     </span>
     <span class='ocr_line' id='line_1_5' title="bbox 157 781 1278 863; baseline -0.004 -19"><span class='ocrx_word' id='word_1_34' title='bbox 157 789 227 844; x_wconf 88' lang='lat' dir='ltr'>runt</span> <span class='ocrx_word' id='word_1_35' title='bbox 246 786 364 844; x_wconf 88' lang='lat' dir='ltr'>Dorvill.</span> <span class='ocrx_word' id='word_1_36' title='bbox 387 791 417 844; x_wconf 87' lang='lat' dir='ltr'>et</span> <span class='ocrx_word' id='word_1_37' title='bbox 431 786 564 858; x_wconf 84' lang='lat' dir='ltr'>Lennep3</span> <span class='ocrx_word' id='word_1_38' title='bbox 586 783 776 863; x_wconf 79' lang='grc' dir='ltr'><em>διαστίχουοα</em></span> <span class='ocrx_word' id='word_1_39' title='bbox 795 785 858 844; x_wconf 90' lang='lat' dir='ltr'>rell.</span> <span class='ocrx_word' id='word_1_40' title='bbox 879 783 963 843; x_wconf 87' lang='lat' dir='ltr'><strong>codd.</strong></span> <span class='ocrx_word' id='word_1_41' title='bbox 985 788 1015 841; x_wconf 86' lang='lat' dir='ltr'>et</span> <span class='ocrx_word' id='word_1_42' title='bbox 1035 781 1101 840; x_wconf 87' lang='lat' dir='ltr'>edd.</span> <span class='ocrx_word' id='word_1_43' title='bbox 1122 788 1190 841; x_wconf 87' lang='lat' dir='ltr'>ante</span> <span class='ocrx_word' id='word_1_44' title='bbox 1203 781 1278 840; x_wconf 92' lang='lat' dir='ltr'>Len·</span> 
     </span>
     <span class='ocr_line' id='line_1_6' title="bbox 157 871 1279 956; baseline -0.005 -19"><span class='ocrx_word' id='word_1_45' title='bbox 157 880 287 952; x_wconf 84' lang='lat' dir='ltr'>nepium3</span> <span class='ocrx_word' id='word_1_46' title='bbox 315 875 426 956; x_wconf 80' lang='grc' dir='ltr'><em>κινύρεο</em></span> <span class='ocrx_word' id='word_1_47' title='bbox 452 897 488 938; x_wconf 87' lang='lat' dir='ltr'>ex</span> <span class='ocrx_word' id='word_1_48' title='bbox 507 879 540 937; x_wconf 91' lang='lat' dir='ltr'>M</span> <span class='ocrx_word' id='word_1_49' title='bbox 565 877 683 936; x_wconf 87' lang='lat' dir='ltr'>Behker</span> <span class='ocrx_word' id='word_1_50' title='bbox 709 882 740 936; x_wconf 89' lang='lat' dir='ltr'>et</span> <span class='ocrx_word' id='word_1_51' title='bbox 763 877 825 935; x_wconf 90' lang='lat' dir='ltr'>rell.</span> <span class='ocrx_word' id='word_1_52' title='bbox 850 881 917 949; x_wconf 92' lang='lat' dir='ltr'>post</span> <span class='ocrx_word' id='word_1_53' title='bbox 943 893 1008 935; x_wconf 90' lang='lat' dir='ltr'>eum</span> <span class='ocrx_word' id='word_1_54' title='bbox 1032 875 1112 948; x_wconf 70' lang='lat' dir='ltr'>adh,</span> <span class='ocrx_word' id='word_1_55' title='bbox 1141 871 1279 951; x_wconf 81' lang='grc' dir='ltr'><em>κινύρετο,</em></span> 
     </span>
     <span class='ocr_line' id='line_1_7' title="bbox 158 966 1280 1045; baseline -0.005 -15"><span class='ocrx_word' id='word_1_56' title='bbox 158 971 235 1043; x_wconf 91' lang='lat' dir='ltr'><strong>quod</strong></span> <span class='ocrx_word' id='word_1_57' title='bbox 260 973 372 1045; x_wconf 89' lang='lat' dir='ltr'>recepit</span> <span class='ocrx_word' id='word_1_58' title='bbox 396 972 531 1044; x_wconf 89' lang='lat' dir='ltr'>Lennep,</span> <span class='ocrx_word' id='word_1_59' title='bbox 553 971 635 1031; x_wconf 86' lang='lat' dir='ltr'><strong>codd.</strong></span> <span class='ocrx_word' id='word_1_60' title='bbox 662 970 732 1028; x_wconf 88' lang='lat' dir='ltr'>dett.</span> <span class='ocrx_word' id='word_1_61' title='bbox 758 974 876 1041; x_wconf 89' lang='lat' dir='ltr'>praeter</span> <span class='ocrx_word' id='word_1_62' title='bbox 896 969 936 1042; x_wconf 91' lang='lat' dir='ltr'>G,</span> <span class='ocrx_word' id='word_1_63' title='bbox 962 969 1010 1040; x_wconf 86' lang='lat' dir='ltr'>qui</span> <span class='ocrx_word' id='word_1_64' title='bbox 1035 983 1099 1026; x_wconf 92' lang='lat' dir='ltr'>cum</span> <span class='ocrx_word' id='word_1_65' title='bbox 1127 966 1192 1025; x_wconf 86' lang='lat' dir='ltr'>edd.</span> <span class='ocrx_word' id='word_1_66' title='bbox 1213 973 1280 1025; x_wconf 86' lang='lat' dir='ltr'>ante</span> 
     </span>
     <span class='ocr_line' id='line_1_8' title="bbox 158 1055 1280 1141; baseline -0.004 -18"><span class='ocrx_word' id='word_1_67' title='bbox 158 1065 337 1138; x_wconf 83' lang='lat' dir='ltr'>Lennepium</span> <span class='ocrx_word' id='word_1_68' title='bbox 362 1066 452 1124; x_wconf 76' lang='lat' dir='ltr'>habet</span> <span class='ocrx_word' id='word_1_69' title='bbox 476 1062 618 1141; x_wconf 82' lang='grc' dir='ltr'><em>κινύματο.</em></span> <span class='ocrx_word' id='word_1_70' title='bbox 645 1095 676 1107; x_wconf 91' lang='lat'>·-</span> <span class='ocrx_word' id='word_1_71' title='bbox 706 1061 791 1139; x_wconf 78' lang='grc' dir='ltr'><em>φυλίς</em></span> <span class='ocrx_word' id='word_1_72' title='bbox 816 1067 883 1121; x_wconf 80' lang='lat' dir='ltr'>ante</span> <span class='ocrx_word' id='word_1_73' title='bbox 909 1078 982 1121; x_wconf 86' lang='lat' dir='ltr'>corr.</span> <span class='ocrx_word' id='word_1_74' title='bbox 1009 1061 1041 1131; x_wconf 70' lang='grc' dir='ltr'>ὃς</span> <span class='ocrx_word' id='word_1_75' title='bbox 1072 1055 1147 1135; x_wconf 81' lang='grc' dir='ltr'><em>ἂκρί</em></span> <span class='ocrx_word' id='word_1_76' title='bbox 1165 1079 1214 1138; x_wconf 85' lang='grc' dir='ltr'>την</span> <span class='ocrx_word' id='word_1_77' title='bbox 1238 1060 1280 1133; x_wconf 85' lang='grc' dir='ltr'>Μ,</span> 
     </span>
     <span class='ocr_line' id='line_1_9' title="bbox 160 1153 1280 1235; baseline -0.005 -20"><span class='ocrx_word' id='word_1_78' title='bbox 160 1155 277 1235; x_wconf 77' lang='grc' dir='ltr'><em>ἀμοίτην</em></span> <span class='ocrx_word' id='word_1_79' title='bbox 296 1159 323 1218; x_wconf 89' lang='lat' dir='ltr'><strong>R</strong></span> <span class='ocrx_word' id='word_1_80' title='bbox 344 1165 374 1217; x_wconf 91' lang='lat' dir='ltr'>et</span> <span class='ocrx_word' id='word_1_81' title='bbox 393 1157 458 1218; x_wconf 87' lang='lat' dir='ltr'>fort.</span> <span class='ocrx_word' id='word_1_82' title='bbox 479 1161 521 1230; x_wconf 85' lang='lat' dir='ltr'>N3</span> <span class='ocrx_word' id='word_1_83' title='bbox 542 1155 651 1214; x_wconf 83' lang='grc' dir='ltr'><em>ἀκοίτιν</em></span> <span class='ocrx_word' id='word_1_84' title='bbox 672 1157 738 1215; x_wconf 91' lang='lat' dir='ltr'>edd.</span> <span class='ocrx_word' id='word_1_85' title='bbox 764 1157 862 1229; x_wconf 79' lang='lat' dir='ltr'>antiq,</span> <span class='ocrx_word' id='word_1_86' title='bbox 882 1172 955 1215; x_wconf 88' lang='lat' dir='ltr'>corr.</span> <span class='ocrx_word' id='word_1_87' title='bbox 978 1155 1065 1213; x_wconf 87' lang='lat' dir='ltr'>etiam</span> <span class='ocrx_word' id='word_1_88' title='bbox 1079 1153 1223 1214; x_wconf 90' lang='lat' dir='ltr'>Perdrier.</span> <span class='ocrx_word' id='word_1_89' title='bbox 1245 1185 1280 1194; x_wconf 96' lang='lat'><em>-</em></span> 
     </span>
     <span class='ocr_line' id='line_1_10' title="bbox 162 1247 1281 1329; baseline -0.004 -21"><span class='ocrx_word' id='word_1_90' title='bbox 162 1249 221 1310; x_wconf 87' lang='grc'><strong>217</strong></span> <span class='ocrx_word' id='word_1_91' title='bbox 241 1250 413 1329; x_wconf 80' lang='grc' dir='ltr'><em>δεχνυμένην</em></span> <span class='ocrx_word' id='word_1_92' title='bbox 433 1252 479 1323; x_wconf 89' lang='grc' dir='ltr'>Μ,</span> <span class='ocrx_word' id='word_1_93' title='bbox 507 1249 663 1329; x_wconf 77' lang='grc' dir='ltr'><em>δεχνυμένη</em></span> <span class='ocrx_word' id='word_1_94' title='bbox 688 1267 723 1308; x_wconf 86' lang='lat' dir='ltr'>ex</span> <span class='ocrx_word' id='word_1_95' title='bbox 743 1250 897 1321; x_wconf 84' lang='lat' dir='ltr'>Anonymi,</span> <span class='ocrx_word' id='word_1_96' title='bbox 918 1247 1045 1307; x_wconf 88' lang='lat' dir='ltr'>Brodaei</span> <span class='ocrx_word' id='word_1_97' title='bbox 1070 1251 1100 1304; x_wconf 92' lang='lat' dir='ltr'>et</span> <span class='ocrx_word' id='word_1_98' title='bbox 1118 1263 1171 1304; x_wconf 90' lang='lat' dir='ltr'>sua</span> <span class='ocrx_word' id='word_1_99' title='bbox 1191 1247 1281 1318; x_wconf 83' lang='lat' dir='ltr'>ipsIus</span> 
     </span>
     <span class='ocr_line' id='line_1_11' title="bbox 161 1339 1281 1422; baseline -0.009 -17"><span class='ocrx_word' id='word_1_100' title='bbox 161 1345 328 1405; x_wconf 85' lang='lat' dir='ltr'>coniectura</span> <span class='ocrx_word' id='word_1_101' title='bbox 337 1341 739 1422; x_wconf 65' lang='lat' dir='ltr'>recepitLennep3dprope&#39;vp</span> <span class='ocrx_word' id='word_1_102' title='bbox 749 1344 812 1401; x_wconf 90' lang='lat' dir='ltr'>rell.</span> <span class='ocrx_word' id='word_1_103' title='bbox 820 1342 902 1401; x_wconf 86' lang='lat' dir='ltr'><strong>codd.</strong></span> <span class='ocrx_word' id='word_1_104' title='bbox 910 1347 940 1400; x_wconf 89' lang='lat' dir='ltr'>et</span> <span class='ocrx_word' id='word_1_105' title='bbox 950 1346 1016 1399; x_wconf 87' lang='lat' dir='ltr'>ants</span> <span class='ocrx_word' id='word_1_106' title='bbox 1026 1339 1205 1412; x_wconf 89' lang='lat' dir='ltr'>Lennepium</span> <span class='ocrx_word' id='word_1_107' title='bbox 1216 1339 1281 1398; x_wconf 86' lang='lat' dir='ltr'>edd.</span> 
     </span>
     <span class='ocr_line' id='line_1_12' title="bbox 162 1428 1282 1514; baseline -0.004 -20"><span class='ocrx_word' id='word_1_108' title='bbox 162 1469 198 1478; x_wconf 93' lang='lat'><strong>—</strong></span> <span class='ocrx_word' id='word_1_109' title='bbox 220 1458 348 1514; x_wconf 86' lang='grc' dir='ltr'><em>απημονυι</em></span> <span class='ocrx_word' id='word_1_110' title='bbox 361 1441 407 1511; x_wconf 85' lang='grc' dir='ltr'>Μ;</span> <span class='ocrx_word' id='word_1_111' title='bbox 432 1440 558 1512; x_wconf 78' lang='lat' dir='ltr'>»Phyllis</span> <span class='ocrx_word' id='word_1_112' title='bbox 580 1454 687 1511; x_wconf 88' lang='lat' dir='ltr'>cupere</span> <span class='ocrx_word' id='word_1_113' title='bbox 707 1436 808 1495; x_wconf 85' lang='lat' dir='ltr'>debuit</span> <span class='ocrx_word' id='word_1_114' title='bbox 822 1437 956 1494; x_wconf 89' lang='lat' dir='ltr'>maritum</span> <span class='ocrx_word' id='word_1_115' title='bbox 977 1428 1103 1509; x_wconf 85' lang='grc' dir='ltr'><em>σ’πήμονα</em></span> <span class='ocrx_word' id='word_1_116' title='bbox 1122 1432 1282 1490; x_wconf 88' lang='lat' dir='ltr'>rediturum</span> 
     </span>
     <span class='ocr_line' id='line_1_13' title="bbox 161 1526 1283 1607; baseline -0.007 -16"><span class='ocrx_word' id='word_1_117' title='bbox 161 1549 235 1601; x_wconf 86' lang='lat' dir='ltr'>esse,</span> <span class='ocrx_word' id='word_1_118' title='bbox 257 1533 310 1591; x_wconf 89' lang='lat' dir='ltr'>sed</span> <span class='ocrx_word' id='word_1_119' title='bbox 329 1549 393 1591; x_wconf 89' lang='lat' dir='ltr'>cum</span> <span class='ocrx_word' id='word_1_120' title='bbox 413 1534 596 1592; x_wconf 91' lang='lat' dir='ltr'>nihilominus</span> <span class='ocrx_word' id='word_1_121' title='bbox 618 1531 706 1590; x_wconf 88' lang='lat' dir='ltr'>etiam</span> <span class='ocrx_word' id='word_1_122' title='bbox 719 1547 775 1588; x_wconf 90' lang='lat' dir='ltr'>nou</span> <span class='ocrx_word' id='word_1_123' title='bbox 789 1526 904 1607; x_wconf 80' lang='grc' dir='ltr'><em>ἀπήμων</em></span> <span class='ocrx_word' id='word_1_124' title='bbox 918 1528 1015 1586; x_wconf 89' lang='lat' dir='ltr'>redire</span> <span class='ocrx_word' id='word_1_125' title='bbox 1029 1526 1165 1600; x_wconf 87' lang='lat' dir='ltr'>potuerit,</span> <span class='ocrx_word' id='word_1_126' title='bbox 1187 1526 1283 1584; x_wconf 83' lang='lat' dir='ltr'>malim</span> 
     </span>
     <span class='ocr_line' id='line_1_14' title="bbox 161 1618 1284 1704; baseline -0.005 -22"><span class='ocrx_word' id='word_1_127' title='bbox 161 1624 304 1704; x_wconf 71' lang='grc' dir='ltr'><em>ἀγήνορα(</em></span> <span class='ocrx_word' id='word_1_128' title='bbox 326 1626 468 1685; x_wconf 86' lang='lat' dir='ltr'>Teurnier</span> <span class='ocrx_word' id='word_1_129' title='bbox 487 1644 516 1699; x_wconf 87' lang='lat' dir='ltr'>p.</span> <span class='ocrx_word' id='word_1_130' title='bbox 538 1634 583 1685; x_wconf 83' lang='lat'>28.</span> <span class='ocrx_word' id='word_1_131' title='bbox 607 1659 640 1668; x_wconf 87' lang='lat'><em>-</em></span> <span class='ocrx_word' id='word_1_132' title='bbox 663 1622 722 1683; x_wconf 84' lang='grc'><strong>218</strong></span> <span class='ocrx_word' id='word_1_133' title='bbox 742 1621 848 1680; x_wconf 68' lang='lat' dir='ltr'>oculive</span> <span class='ocrx_word' id='word_1_134' title='bbox 867 1623 913 1693; x_wconf 87' lang='grc' dir='ltr'>Μ;</span> <span class='ocrx_word' id='word_1_135' title='bbox 937 1618 1076 1698; x_wconf 78' lang='grc' dir='ltr'><em>αθηναίης</em></span> <span class='ocrx_word' id='word_1_136' title='bbox 1094 1619 1141 1691; x_wconf 90' lang='grc' dir='ltr'>Μ;</span> <span class='ocrx_word' id='word_1_137' title='bbox 1161 1638 1216 1676; x_wconf 92' lang='grc' dir='ltr'>απο</span> <span class='ocrx_word' id='word_1_138' title='bbox 1236 1618 1284 1689; x_wconf 90' lang='grc' dir='ltr'>Μ;</span> 
     </span>
     <span class='ocr_line' id='line_1_15' title="bbox 163 1711 1283 1795; baseline -0.006 -21"><span class='ocrx_word' id='word_1_139' title='bbox 163 1716 258 1794; x_wconf 86' lang='grc' dir='ltr'><em>δήμων</em></span> <span class='ocrx_word' id='word_1_140' title='bbox 280 1739 323 1795; x_wconf 76' lang='grc' dir='ltr'>γρ.</span> <span class='ocrx_word' id='word_1_141' title='bbox 342 1739 399 1794; x_wconf 91' lang='grc' dir='ltr'>μου</span> <span class='ocrx_word' id='word_1_142' title='bbox 419 1724 451 1778; x_wconf 88' lang='lat' dir='ltr'>ut</span> <span class='ocrx_word' id='word_1_143' title='bbox 471 1719 624 1778; x_wconf 83' lang='lat' dir='ltr'>videturG</span> <span class='ocrx_word' id='word_1_144' title='bbox 645 1723 711 1776; x_wconf 89' lang='lat' dir='ltr'>ante</span> <span class='ocrx_word' id='word_1_145' title='bbox 732 1734 815 1789; x_wconf 78' lang='lat' dir='ltr'>corr,</span> <span class='ocrx_word' id='word_1_146' title='bbox 836 1714 925 1793; x_wconf 89' lang='grc' dir='ltr'><em>δήμου</em></span> <span class='ocrx_word' id='word_1_147' title='bbox 946 1715 980 1787; x_wconf 89' lang='lat' dir='ltr'>G,</span> <span class='ocrx_word' id='word_1_148' title='bbox 1001 1711 1096 1791; x_wconf 88' lang='grc' dir='ltr'><em>δήμων</em></span> <span class='ocrx_word' id='word_1_149' title='bbox 1115 1713 1179 1771; x_wconf 87' lang='lat' dir='ltr'>rell.</span> <span class='ocrx_word' id='word_1_150' title='bbox 1200 1711 1283 1771; x_wconf 86' lang='lat' dir='ltr'><strong>codd.</strong></span> 
     </span>
     <span class='ocr_line' id='line_1_16' title="bbox 164 1806 1284 1887; baseline -0.005 -16"><span class='ocrx_word' id='word_1_151' title='bbox 164 1818 194 1871; x_wconf 89' lang='lat' dir='ltr'>et</span> <span class='ocrx_word' id='word_1_152' title='bbox 215 1813 280 1871; x_wconf 87' lang='lat' dir='ltr'>edd.</span> <span class='ocrx_word' id='word_1_153' title='bbox 301 1820 419 1886; x_wconf 86' lang='lat' dir='ltr'>praeter</span> <span class='ocrx_word' id='word_1_154' title='bbox 434 1813 553 1872; x_wconf 89' lang='lat' dir='ltr'>Portum</span> <span class='ocrx_word' id='word_1_155' title='bbox 568 1818 598 1871; x_wconf 88' lang='lat' dir='ltr'>et</span> <span class='ocrx_word' id='word_1_156' title='bbox 617 1812 768 1884; x_wconf 91' lang='lat' dir='ltr'>Iulianum,</span> <span class='ocrx_word' id='word_1_157' title='bbox 788 1811 837 1882; x_wconf 90' lang='lat' dir='ltr'>qui</span> <span class='ocrx_word' id='word_1_158' title='bbox 857 1806 947 1887; x_wconf 89' lang='grc' dir='ltr'><em>δήμου</em></span> <span class='ocrx_word' id='word_1_159' title='bbox 968 1824 1003 1866; x_wconf 86' lang='lat' dir='ltr'>ex</span> <span class='ocrx_word' id='word_1_160' title='bbox 1017 1807 1099 1866; x_wconf 90' lang='lat' dir='ltr'>Porti</span> <span class='ocrx_word' id='word_1_161' title='bbox 1119 1807 1284 1865; x_wconf 87' lang='lat' dir='ltr'>coniectura</span> 
     </span>
     <span class='ocr_line' id='line_1_17' title="bbox 163 1899 1284 1978; baseline -0.005 -16"><span class='ocrx_word' id='word_1_162' title='bbox 163 1906 344 1978; x_wconf 88' lang='lat' dir='ltr'>aLenuepio</span> <span class='ocrx_word' id='word_1_163' title='bbox 358 1907 522 1978; x_wconf 90' lang='lat' dir='ltr'>improbata</span> <span class='ocrx_word' id='word_1_164' title='bbox 535 1907 721 1978; x_wconf 88' lang='lat' dir='ltr'>scripserunt.</span> <span class='ocrx_word' id='word_1_165' title='bbox 747 1904 857 1975; x_wconf 79' lang='lat' dir='ltr'><strong>Quibus</strong></span> <span class='ocrx_word' id='word_1_166' title='bbox 870 1903 1023 1962; x_wconf 83' lang='lat' dir='ltr'><strong>obsecutus</strong></span> <span class='ocrx_word' id='word_1_167' title='bbox 1044 1917 1116 1973; x_wconf 90' lang='lat' dir='ltr'>sum,</span> <span class='ocrx_word' id='word_1_168' title='bbox 1139 1915 1203 1957; x_wconf 92' lang='lat' dir='ltr'>cum</span> <span class='ocrx_word' id='word_1_169' title='bbox 1224 1899 1284 1957; x_wconf 87' lang='lat' dir='ltr'>vul-</span> 
     </span>
     <span class='ocr_line' id='line_1_18' title="bbox 164 1988 1286 2073; baseline -0.008 -17"><span class='ocrx_word' id='word_1_170' title='bbox 164 2008 234 2070; x_wconf 83' lang='lat' dir='ltr'>gata</span> <span class='ocrx_word' id='word_1_171' title='bbox 254 1999 399 2073; x_wconf 86' lang='lat' dir='ltr'>scriptura</span> <span class='ocrx_word' id='word_1_172' title='bbox 422 2000 524 2071; x_wconf 82' lang='lat' dir='ltr'>spicae</span> <span class='ocrx_word' id='word_1_173' title='bbox 544 1999 683 2057; x_wconf 91' lang='lat' dir='ltr'>orationis</span> <span class='ocrx_word' id='word_1_174' title='bbox 706 2013 764 2055; x_wconf 89' lang='lat' dir='ltr'>non</span> <span class='ocrx_word' id='word_1_175' title='bbox 789 2012 852 2054; x_wconf 89' lang='lat' dir='ltr'>esse</span> <span class='ocrx_word' id='word_1_176' title='bbox 876 1996 946 2053; x_wconf 92' lang='lat' dir='ltr'>mihi</span> <span class='ocrx_word' id='word_1_177' title='bbox 969 1996 1032 2052; x_wconf 84' lang='lat' dir='ltr'>visa</span> <span class='ocrx_word' id='word_1_178' title='bbox 1057 1995 1103 2052; x_wconf 86' lang='lat' dir='ltr'>sit.</span> <span class='ocrx_word' id='word_1_179' title='bbox 1140 1988 1286 2069; x_wconf 80' lang='grc' dir='ltr'><em>Ἀθηναίης</em></span> 
     </span>
     <span class='ocr_line' id='line_1_19' title="bbox 163 2084 1286 2170; baseline -0.004 -23"><span class='ocrx_word' id='word_1_180' title='bbox 163 2089 218 2148; x_wconf 84' lang='grc' dir='ltr'>ἀπὸ</span> <span class='ocrx_word' id='word_1_181' title='bbox 240 2089 337 2170; x_wconf 86' lang='grc' dir='ltr'><em>δήμων</em></span> <span class='ocrx_word' id='word_1_182' title='bbox 359 2110 395 2151; x_wconf 86' lang='lat' dir='ltr'>ex</span> <span class='ocrx_word' id='word_1_183' title='bbox 415 2088 654 2169; x_wconf 60' lang='lat' dir='ltr'>glossaturam</span> <span class='ocrx_word' id='word_1_184' title='bbox 674 2089 835 2166; x_wconf 84' lang='grc' dir='ltr'><em>ἀποδημῶν,</em></span> <span class='ocrx_word' id='word_1_185' title='bbox 856 2102 930 2160; x_wconf 88' lang='lat' dir='ltr'>quae</span> <span class='ocrx_word' id='word_1_186' title='bbox 950 2103 1048 2144; x_wconf 87' lang='lat' dir='ltr'>veram</span> <span class='ocrx_word' id='word_1_187' title='bbox 1067 2087 1232 2144; x_wconf 88' lang='lat' dir='ltr'>lectionem:</span> <span class='ocrx_word' id='word_1_188' title='bbox 1252 2084 1286 2151; x_wconf 81' lang='grc' dir='ltr'>ἐς</span> 
     </span>
     <span class='ocr_line' id='line_1_20' title="bbox 161 2179 1283 2261; baseline -0.004 -19"><span class='ocrx_word' id='word_1_189' title='bbox 161 2181 275 2242; x_wconf 78' lang='grc' dir='ltr'><em>Ἀτθίδα</em></span> <span class='ocrx_word' id='word_1_190' title='bbox 296 2188 375 2261; x_wconf 76' lang='grc' dir='ltr'><em>γαῖαν</em></span> <span class='ocrx_word' id='word_1_191' title='bbox 398 2183 532 2242; x_wconf 78' lang='grc' dir='ltr'><em>ἀπελθὼν</em></span> <span class='ocrx_word' id='word_1_192' title='bbox 554 2185 710 2258; x_wconf 79' lang='lat' dir='ltr'>expulerit,</span> <span class='ocrx_word' id='word_1_193' title='bbox 736 2183 808 2240; x_wconf 90' lang='lat' dir='ltr'>mire</span> <span class='ocrx_word' id='word_1_194' title='bbox 828 2179 954 2240; x_wconf 88' lang='lat' dir='ltr'>credidit</span> <span class='ocrx_word' id='word_1_195' title='bbox 972 2180 1114 2239; x_wconf 89' lang='lat' dir='ltr'>Tournier</span> <span class='ocrx_word' id='word_1_196' title='bbox 1132 2197 1160 2252; x_wconf 91' lang='lat' dir='ltr'>p.</span> <span class='ocrx_word' id='word_1_197' title='bbox 1182 2187 1228 2238; x_wconf 87' lang='grc'><strong>28.</strong></span> <span class='ocrx_word' id='word_1_198' title='bbox 1247 2211 1283 2221; x_wconf 91' lang='grc'><strong>-</strong></span> 
     </span>
     <span class='ocr_line' id='line_1_21' title="bbox 165 2271 1284 2354; baseline -0.004 -19"><span class='ocrx_word' id='word_1_199' title='bbox 165 2276 225 2337; x_wconf 83' lang='grc'><strong>219</strong></span> <span class='ocrx_word' id='word_1_200' title='bbox 252 2278 293 2335; x_wconf 84' lang='grc' dir='ltr'>τῶ</span> <span class='ocrx_word' id='word_1_201' title='bbox 318 2279 364 2350; x_wconf 90' lang='grc' dir='ltr'>Μ;</span> <span class='ocrx_word' id='word_1_202' title='bbox 388 2274 587 2354; x_wconf 76' lang='grc' dir='ltr'><em>βαθυκλήροις</em></span> <span class='ocrx_word' id='word_1_203' title='bbox 612 2278 651 2349; x_wconf 77' lang='lat' dir='ltr'>Q3</span> <span class='ocrx_word' id='word_1_204' title='bbox 680 2271 877 2351; x_wconf 71' lang='grc' dir='ltr'><em>βαθυκλήροιο</em></span> <span class='ocrx_word' id='word_1_205' title='bbox 902 2274 931 2330; x_wconf 93' lang='lat' dir='ltr'>in</span> <span class='ocrx_word' id='word_1_206' title='bbox 956 2272 1148 2344; x_wconf 81' lang='lat' dir='ltr'>suspicionem</span> <span class='ocrx_word' id='word_1_207' title='bbox 1172 2273 1284 2331; x_wconf 84' lang='lat' dir='ltr'>vocavit</span> 
     </span>
     <span class='ocr_line' id='line_1_22' title="bbox 163 2366 1293 2445; baseline -0.006 -15"><span class='ocrx_word' id='word_1_208' title='bbox 163 2371 305 2432; x_wconf 82' lang='lat' dir='ltr'>Tou&#39;rnier</span> <span class='ocrx_word' id='word_1_209' title='bbox 324 2390 352 2445; x_wconf 88' lang='lat' dir='ltr'>p.</span> <span class='ocrx_word' id='word_1_210' title='bbox 373 2380 419 2443; x_wconf 87' lang='lat'>30,</span> <span class='ocrx_word' id='word_1_211' title='bbox 440 2373 490 2443; x_wconf 90' lang='lat' dir='ltr'>qui</span> <span class='ocrx_word' id='word_1_212' title='bbox 509 2372 602 2430; x_wconf 92' lang='lat' dir='ltr'>locum</span> <span class='ocrx_word' id='word_1_213' title='bbox 627 2386 662 2428; x_wconf 86' lang='lat' dir='ltr'>ex</span> <span class='ocrx_word' id='word_1_214' title='bbox 681 2369 777 2428; x_wconf 91' lang='lat' dir='ltr'>Nonni</span> <span class='ocrx_word' id='word_1_215' title='bbox 796 2368 881 2426; x_wconf 91' lang='lat' dir='ltr'>Dion.</span> <span class='ocrx_word' id='word_1_216' title='bbox 901 2366 986 2438; x_wconf 89' lang='lat' dir='ltr'>XIII,</span> <span class='ocrx_word' id='word_1_217' title='bbox 1007 2367 1043 2425; x_wconf 75' lang='lat'>70</span> <span class='ocrx_word' id='word_1_218' title='bbox 1068 2366 1174 2437; x_wconf 81' lang='lat' dir='ltr'>corrigi</span> <span class='ocrx_word' id='word_1_219' title='bbox 1198 2381 1293 2438; x_wconf 82' lang='lat' dir='ltr'>possa</span> 
     </span>
     <span class='ocr_line' id='line_1_23' title="bbox 166 2459 1284 2541; baseline -0.003 -20"><span class='ocrx_word' id='word_1_220' title='bbox 166 2465 310 2538; x_wconf 85' lang='lat' dir='ltr'>opinatur,</span> <span class='ocrx_word' id='word_1_221' title='bbox 327 2466 374 2524; x_wconf 90' lang='lat' dir='ltr'>uhi</span> <span class='ocrx_word' id='word_1_222' title='bbox 390 2466 440 2523; x_wconf 91' lang='lat' dir='ltr'>alii</span> <span class='ocrx_word' id='word_1_223' title='bbox 451 2463 664 2541; x_wconf 80' lang='grc' dir='ltr'><em>βαδικνήμους,</em></span> <span class='ocrx_word' id='word_1_224' title='bbox 685 2465 736 2522; x_wconf 89' lang='lat' dir='ltr'>alii</span> <span class='ocrx_word' id='word_1_225' title='bbox 748 2459 973 2540; x_wconf 81' lang='grc' dir='ltr'><em>βαδυκρήμνους</em></span> <span class='ocrx_word' id='word_1_226' title='bbox 985 2460 1146 2533; x_wconf 89' lang='lat' dir='ltr'>ediderunt,</span> <span class='ocrx_word' id='word_1_227' title='bbox 1165 2476 1284 2532; x_wconf 91' lang='lat' dir='ltr'>quorum</span> 
     </span>
     <span class='ocr_line' id='line_1_24' title="bbox 162 2552 1284 2631; baseline 0 -18"><span class='ocrx_word' id='word_1_228' title='bbox 162 2557 243 2630; x_wconf 89' lang='lat' dir='ltr'>prius</span> <span class='ocrx_word' id='word_1_229' title='bbox 260 2563 340 2615; x_wconf 86' lang='lat' dir='ltr'>extat</span> <span class='ocrx_word' id='word_1_230' title='bbox 354 2558 384 2614; x_wconf 90' lang='lat' dir='ltr'>in</span> <span class='ocrx_word' id='word_1_231' title='bbox 403 2559 510 2630; x_wconf 86' lang='lat' dir='ltr'>optimo</span> <span class='ocrx_word' id='word_1_232' title='bbox 522 2557 622 2615; x_wconf 88' lang='lat' dir='ltr'>codice</span> <span class='ocrx_word' id='word_1_233' title='bbox 633 2556 839 2614; x_wconf 89' lang='lat' dir='ltr'>Laurentiano.</span> <span class='ocrx_word' id='word_1_234' title='bbox 858 2553 1015 2631; x_wconf 78' lang='grc' dir='ltr'><em>διαχδονος</em></span> <span class='ocrx_word' id='word_1_235' title='bbox 1025 2553 1071 2624; x_wconf 93' lang='grc' dir='ltr'>Μ;</span> <span class='ocrx_word' id='word_1_236' title='bbox 1082 2552 1233 2631; x_wconf 83' lang='grc' dir='ltr'><em>αλμονίηων</em></span> <span class='ocrx_word' id='word_1_237' title='bbox 1242 2555 1284 2625; x_wconf 85' lang='grc' dir='ltr'>Μ,</span> 
     </span>
     <span class='ocr_line' id='line_1_25' title="bbox 164 2644 1286 2730; baseline 0.001 -25"><span class='ocrx_word' id='word_1_238' title='bbox 164 2647 316 2727; x_wconf 84' lang='grc' dir='ltr'><em>οἷμονιήων</em></span> <span class='ocrx_word' id='word_1_239' title='bbox 331 2650 394 2722; x_wconf 84' lang='lat' dir='ltr'>GR,</span> <span class='ocrx_word' id='word_1_240' title='bbox 411 2649 582 2730; x_wconf 81' lang='grc' dir='ltr'><em>αἱμονιήσων</em></span> <span class='ocrx_word' id='word_1_241' title='bbox 598 2651 631 2723; x_wconf 87' lang='grc' dir='ltr'>Ρ,</span> <span class='ocrx_word' id='word_1_242' title='bbox 645 2646 802 2726; x_wconf 80' lang='grc' dir='ltr'><em>ἐμμονιήων</em></span> <span class='ocrx_word' id='word_1_243' title='bbox 815 2649 850 2717; x_wconf 87' lang='lat' dir='ltr'>A,</span> <span class='ocrx_word' id='word_1_244' title='bbox 864 2644 1026 2724; x_wconf 80' lang='grc' dir='ltr'><em>ἐμμονιήως</em></span> <span class='ocrx_word' id='word_1_245' title='bbox 1040 2648 1072 2719; x_wconf 79' lang='lat' dir='ltr'>Q.</span> <span class='ocrx_word' id='word_1_246' title='bbox 1104 2648 1174 2706; x_wconf 89' lang='lat' dir='ltr'>Gum</span> <span class='ocrx_word' id='word_1_247' title='bbox 1186 2647 1286 2726; x_wconf 79' lang='grc' dir='ltr'><em>Ἆχαιλς</em></span> 
     </span>
     <span class='ocr_line' id='line_1_26' title="bbox 165 2738 1286 2820; baseline 0.001 -20"><span class='ocrx_word' id='word_1_248' title='bbox 165 2746 232 2820; x_wconf 71' lang='grc' dir='ltr'><em>μαῖα</em></span> <span class='ocrx_word' id='word_1_249' title='bbox 241 2760 298 2803; x_wconf 92' lang='lat' dir='ltr'>non</span> <span class='ocrx_word' id='word_1_250' title='bbox 311 2743 500 2811; x_wconf 82' lang='lat' dir='ltr'>Thessaliam,</span> <span class='ocrx_word' id='word_1_251' title='bbox 510 2744 562 2802; x_wconf 89' lang='lat' dir='ltr'>sed</span> <span class='ocrx_word' id='word_1_252' title='bbox 572 2749 663 2801; x_wconf 91' lang='lat' dir='ltr'>totam</span> <span class='ocrx_word' id='word_1_253' title='bbox 670 2743 821 2802; x_wconf 79' lang='lat' dir='ltr'>Graeciam</span> <span class='ocrx_word' id='word_1_254' title='bbox 832 2738 983 2812; x_wconf 78' lang='lat' dir='ltr'>significes,</span> <span class='ocrx_word' id='word_1_255' title='bbox 996 2755 1112 2797; x_wconf 77' lang='lat' dir='ltr'>»verum</span> <span class='ocrx_word' id='word_1_256' title='bbox 1123 2757 1179 2799; x_wconf 92' lang='lat' dir='ltr'>non</span> <span class='ocrx_word' id='word_1_257' title='bbox 1189 2748 1286 2814; x_wconf 86' lang='lat' dir='ltr'>potest</span> 
     </span>
     <span class='ocr_line' id='line_1_27' title="bbox 164 2832 1285 2913; baseline 0.002 -19"><span class='ocrx_word' id='word_1_258' title='bbox 164 2853 238 2910; x_wconf 89' lang='lat' dir='ltr'>esse,</span> <span class='ocrx_word' id='word_1_259' title='bbox 245 2837 321 2908; x_wconf 90' lang='lat' dir='ltr'><strong>quod</strong></span> <span class='ocrx_word' id='word_1_260' title='bbox 334 2854 359 2893; x_wconf 90' lang='lat' dir='ltr'>v.</span> <span class='ocrx_word' id='word_1_261' title='bbox 367 2837 536 2908; x_wconf 77' lang='lat' dir='ltr'>arslegitur</span> <span class='ocrx_word' id='word_1_262' title='bbox 546 2834 593 2893; x_wconf 85' lang='grc' dir='ltr'>διὰ</span> <span class='ocrx_word' id='word_1_263' title='bbox 601 2832 713 2913; x_wconf 75' lang='grc' dir='ltr'><em>χθονὸς</em></span> <span class='ocrx_word' id='word_1_264' title='bbox 720 2832 882 2912; x_wconf 80' lang='grc' dir='ltr'><em>Αἱμονιήων.</em></span> <span class='ocrx_word' id='word_1_265' title='bbox 892 2850 958 2891; x_wconf 87' lang='lat' dir='ltr'>nam</span> <span class='ocrx_word' id='word_1_266' title='bbox 968 2833 1215 2906; x_wconf 88' lang='lat' dir='ltr'>perHaemoniam</span> <span class='ocrx_word' id='word_1_267' title='bbox 1225 2836 1285 2896; x_wconf 89' lang='lat' dir='ltr'>sive</span> 
     </span>
     <span class='ocr_line' id='line_1_28' title="bbox 163 2928 1286 3003; baseline 0.001 -17"><span class='ocrx_word' id='word_1_268' title='bbox 163 2929 343 2989; x_wconf 81' lang='lat' dir='ltr'>Thessaham</span> <span class='ocrx_word' id='word_1_269' title='bbox 365 2930 508 2989; x_wconf 89' lang='lat' dir='ltr'>Graeciae</span> <span class='ocrx_word' id='word_1_270' title='bbox 528 2930 614 2989; x_wconf 88' lang='lat' dir='ltr'>urbes</span> <span class='ocrx_word' id='word_1_271' title='bbox 634 2945 776 3003; x_wconf 91' lang='lat' dir='ltr'>apparere</span> <span class='ocrx_word' id='word_1_272' title='bbox 790 2928 889 2987; x_wconf 84' lang='lat' dir='ltr'>Paridi</span> <span class='ocrx_word' id='word_1_273' title='bbox 909 2945 965 2987; x_wconf 89' lang='lat' dir='ltr'>non</span> <span class='ocrx_word' id='word_1_274' title='bbox 985 2932 1152 3002; x_wconf 88' lang='lat' dir='ltr'>potuerunt.</span> <span class='ocrx_word' id='word_1_275' title='bbox 1173 2929 1286 2988; x_wconf 85' lang='lat' dir='ltr'>accedit</span> 
     </span>
     <span class='ocr_line' id='line_1_29' title="bbox 165 3021 1286 3100; baseline 0.004 -20"><span class='ocrx_word' id='word_1_276' title='bbox 165 3023 242 3094; x_wconf 87' lang='lat' dir='ltr'><strong>quod</strong></span> <span class='ocrx_word' id='word_1_277' title='bbox 262 3021 310 3080; x_wconf 87' lang='grc' dir='ltr'>διὰ</span> <span class='ocrx_word' id='word_1_278' title='bbox 327 3021 440 3100; x_wconf 75' lang='grc' dir='ltr'><em>χθονὸς</em></span> <span class='ocrx_word' id='word_1_279' title='bbox 460 3023 518 3081; x_wconf 91' lang='lat' dir='ltr'>dici</span> <span class='ocrx_word' id='word_1_280' title='bbox 538 3040 595 3082; x_wconf 92' lang='lat' dir='ltr'>non</span> <span class='ocrx_word' id='word_1_281' title='bbox 614 3025 710 3096; x_wconf 86' lang='lat' dir='ltr'>potuit</span> <span class='ocrx_word' id='word_1_282' title='bbox 729 3024 785 3080; x_wconf 92' lang='lat' dir='ltr'>nisi</span> <span class='ocrx_word' id='word_1_283' title='bbox 811 3023 910 3082; x_wconf 89' lang='lat' dir='ltr'>addito</span> <span class='ocrx_word' id='word_1_284' title='bbox 935 3023 1105 3096; x_wconf 88' lang='lat' dir='ltr'>participio,</span> <span class='ocrx_word' id='word_1_285' title='bbox 1132 3025 1216 3095; x_wconf 87' lang='lat' dir='ltr'>quale</span> <span class='ocrx_word' id='word_1_286' title='bbox 1242 3030 1286 3084; x_wconf 88' lang='lat' dir='ltr'>est</span> 
     </span>
     <span class='ocr_line' id='line_1_30' title="bbox 164 3111 1287 3193; baseline 0.004 -21"><span class='ocrx_word' id='word_1_287' title='bbox 164 3111 349 3193; x_wconf 72' lang='grc' dir='ltr'><em>πορευομένῳ</em></span> <span class='ocrx_word' id='word_1_288' title='bbox 370 3117 417 3173; x_wconf 89' lang='lat' dir='ltr'>vel</span> <span class='ocrx_word' id='word_1_289' title='bbox 436 3114 615 3193; x_wconf 74' lang='grc' dir='ltr'><em>πορευθέντι,</em></span> <span class='ocrx_word' id='word_1_290' title='bbox 637 3133 808 3188; x_wconf 89' lang='lat' dir='ltr'>quamquam</span> <span class='ocrx_word' id='word_1_291' title='bbox 829 3117 875 3174; x_wconf 89' lang='lat' dir='ltr'>vel</span> <span class='ocrx_word' id='word_1_292' title='bbox 895 3117 936 3174; x_wconf 90' lang='lat' dir='ltr'>sio</span> <span class='ocrx_word' id='word_1_293' title='bbox 953 3116 1062 3188; x_wconf 88' lang='lat' dir='ltr'>aliquid</span> <span class='ocrx_word' id='word_1_294' title='bbox 1074 3121 1201 3176; x_wconf 86' lang='lat' dir='ltr'>restaret</span> <span class='ocrx_word' id='word_1_295' title='bbox 1213 3117 1287 3176; x_wconf 81' lang='lat' dir='ltr'>diffi-</span> 
     </span>
     <span class='ocr_line' id='line_1_31' title="bbox 166 3208 1286 3285; baseline 0.003 -18"><span class='ocrx_word' id='word_1_296' title='bbox 166 3209 297 3279; x_wconf 87' lang='lat' dir='ltr'>cultatis,</span> <span class='ocrx_word' id='word_1_297' title='bbox 324 3208 401 3280; x_wconf 87' lang='lat' dir='ltr'><strong>quod</strong></span> <span class='ocrx_word' id='word_1_298' title='bbox 421 3209 504 3267; x_wconf 92' lang='lat' dir='ltr'>Paris</span> <span class='ocrx_word' id='word_1_299' title='bbox 531 3214 650 3282; x_wconf 88' lang='lat' dir='ltr'>praeter</span> <span class='ocrx_word' id='word_1_300' title='bbox 674 3225 754 3269; x_wconf 90' lang='lat' dir='ltr'>oram</span> <span class='ocrx_word' id='word_1_301' title='bbox 774 3209 942 3267; x_wconf 82' lang='lat' dir='ltr'>Thessaliae</span> <span class='ocrx_word' id='word_1_302' title='bbox 960 3211 1120 3282; x_wconf 85' lang='lat' dir='ltr'>navigavit,</span> <span class='ocrx_word' id='word_1_303' title='bbox 1145 3228 1201 3269; x_wconf 90' lang='lat' dir='ltr'>non</span> <span class='ocrx_word' id='word_1_304' title='bbox 1221 3229 1286 3285; x_wconf 77' lang='lat' dir='ltr'>pro</span> 
     </span>
     <span class='ocr_line' id='line_1_32' title="bbox 166 3301 1287 3376; baseline 0.004 -17"><span class='ocrx_word' id='word_1_305' title='bbox 166 3301 259 3361; x_wconf 85' lang='lat' dir='ltr'>fectus</span> <span class='ocrx_word' id='word_1_306' title='bbox 286 3309 331 3362; x_wconf 89' lang='lat' dir='ltr'>est</span> <span class='ocrx_word' id='word_1_307' title='bbox 355 3320 409 3376; x_wconf 89' lang='lat' dir='ltr'>per</span> <span class='ocrx_word' id='word_1_308' title='bbox 435 3303 623 3362; x_wconf 90' lang='lat' dir='ltr'>Thessaliam.</span> <span class='ocrx_word' id='word_1_309' title='bbox 663 3303 724 3361; x_wconf 90' lang='lat' dir='ltr'>Has</span> <span class='ocrx_word' id='word_1_310' title='bbox 753 3308 850 3360; x_wconf 88' lang='lat' dir='ltr'>autem</span> <span class='ocrx_word' id='word_1_311' title='bbox 876 3301 1060 3360; x_wconf 82' lang='lat' dir='ltr'>difficultates</span> <span class='ocrx_word' id='word_1_312' title='bbox 1086 3304 1184 3361; x_wconf 88' lang='lat' dir='ltr'>statim</span> <span class='ocrx_word' id='word_1_313' title='bbox 1209 3305 1287 3363; x_wconf 85' lang='lat' dir='ltr'>vide-</span> 
     </span>
     <span class='ocr_line' id='line_1_33' title="bbox 124 3390 1286 3474; baseline -0.002 -19"><span class='ocrx_word' id='word_1_314' title='bbox 124 3450 127 3455; x_wconf 83' lang='grc'><em>,</em></span> <span class='ocrx_word' id='word_1_315' title='bbox 165 3395 259 3454; x_wconf 90' lang='lat' dir='ltr'>bimus</span> <span class='ocrx_word' id='word_1_316' title='bbox 285 3404 426 3470; x_wconf 90' lang='lat' dir='ltr'>remotas,</span> <span class='ocrx_word' id='word_1_317' title='bbox 453 3398 502 3456; x_wconf 94' lang='lat' dir='ltr'>ubi</span> <span class='ocrx_word' id='word_1_318' title='bbox 527 3398 570 3454; x_wconf 91' lang='lat' dir='ltr'>ita</span> <span class='ocrx_word' id='word_1_319' title='bbox 596 3394 808 3469; x_wconf 79' lang='lat' dir='ltr'>scripserimus:</span> <span class='ocrx_word' id='word_1_320' title='bbox 842 3394 925 3473; x_wconf 84' lang='grc' dir='ltr'><em>δίχα</em></span> <span class='ocrx_word' id='word_1_321' title='bbox 951 3393 1063 3472; x_wconf 81' lang='grc' dir='ltr'><em>χδονδς</em></span> <span class='ocrx_word' id='word_1_322' title='bbox 1086 3390 1286 3474; x_wconf 81' lang='grc' dir='ltr'><em>Ἠμαδιήων.</em></span> 
     </span>
     <span class='ocr_line' id='line_1_34' title="bbox 166 3484 1286 3565; baseline 0.004 -20"><span class='ocrx_word' id='word_1_323' title='bbox 166 3487 263 3559; x_wconf 83' lang='lat' dir='ltr'><strong>Atque</strong></span> <span class='ocrx_word' id='word_1_324' title='bbox 277 3484 431 3565; x_wconf 79' lang='grc' dir='ltr'><em>Ἠμαθιήων</em></span> <span class='ocrx_word' id='word_1_325' title='bbox 447 3491 533 3547; x_wconf 88' lang='lat' dir='ltr'>etiam</span> <span class='ocrx_word' id='word_1_326' title='bbox 548 3506 582 3548; x_wconf 90' lang='lat' dir='ltr'>eo</span> <span class='ocrx_word' id='word_1_327' title='bbox 598 3490 823 3562; x_wconf 89' lang='lat' dir='ltr'>commendatur,</span> <span class='ocrx_word' id='word_1_328' title='bbox 842 3489 918 3561; x_wconf 88' lang='lat' dir='ltr'><strong>quod</strong></span> <span class='ocrx_word' id='word_1_329' title='bbox 931 3494 998 3561; x_wconf 88' lang='lat' dir='ltr'>post</span> <span class='ocrx_word' id='word_1_330' title='bbox 1011 3489 1163 3548; x_wconf 84' lang='lat' dir='ltr'>Thraciam</span> <span class='ocrx_word' id='word_1_331' title='bbox 1179 3492 1216 3560; x_wconf 87' lang='lat' dir='ltr'>(v.</span> <span class='ocrx_word' id='word_1_332' title='bbox 1231 3497 1286 3550; x_wconf 89' lang='grc'>212</span> 
     </span>
     <span class='ocr_line' id='line_1_35' title="bbox 166 3581 1286 3654; baseline 0.004 -16"><span class='ocrx_word' id='word_1_333' title='bbox 166 3583 275 3652; x_wconf 71' lang='grc'><strong>-211)</strong></span> <span class='ocrx_word' id='word_1_334' title='bbox 297 3598 354 3640; x_wconf 92' lang='lat' dir='ltr'>non</span> <span class='ocrx_word' id='word_1_335' title='bbox 374 3582 472 3639; x_wconf 86' lang='lat' dir='ltr'>statim</span> <span class='ocrx_word' id='word_1_336' title='bbox 493 3583 522 3638; x_wconf 91' lang='lat' dir='ltr'>in</span> <span class='ocrx_word' id='word_1_337' title='bbox 538 3581 690 3640; x_wconf 85' lang='lat' dir='ltr'>Graeciam</span> <span class='ocrx_word' id='word_1_338' title='bbox 709 3582 793 3639; x_wconf 87' lang='lat' dir='ltr'>Paris</span> <span class='ocrx_word' id='word_1_339' title='bbox 813 3583 901 3654; x_wconf 84' lang='lat' dir='ltr'>veuIt,</span> <span class='ocrx_word' id='word_1_340' title='bbox 921 3581 973 3639; x_wconf 89' lang='lat' dir='ltr'>sed</span> <span class='ocrx_word' id='word_1_341' title='bbox 992 3582 1073 3654; x_wconf 89' lang='lat' dir='ltr'>prius</span> <span class='ocrx_word' id='word_1_342' title='bbox 1086 3581 1286 3642; x_wconf 87' lang='lat' dir='ltr'>Macedoniam</span> 
     </span>
     <span class='ocr_line' id='line_1_36' title="bbox 167 3675 1287 3748; baseline 0.002 -15"><span class='ocrx_word' id='word_1_343' title='bbox 167 3692 233 3733; x_wconf 90' lang='lat' dir='ltr'>eum</span> <span class='ocrx_word' id='word_1_344' title='bbox 248 3676 393 3748; x_wconf 81' lang='lat' dir='ltr'>attingere</span> <span class='ocrx_word' id='word_1_345' title='bbox 415 3676 551 3748; x_wconf 85' lang='lat' dir='ltr'>oportuit.</span> <span class='ocrx_word' id='word_1_346' title='bbox 583 3675 674 3733; x_wconf 84' lang='lat' dir='ltr'>Recte</span> <span class='ocrx_word' id='word_1_347' title='bbox 688 3676 776 3748; x_wconf 83' lang='lat' dir='ltr'>igitur</span> <span class='ocrx_word' id='word_1_348' title='bbox 789 3675 910 3743; x_wconf 89' lang='lat' dir='ltr'>dicetur,</span> <span class='ocrx_word' id='word_1_349' title='bbox 930 3678 1078 3747; x_wconf 87' lang='lat' dir='ltr'>praeter</span> <span class='ocrx_word' id='word_1_350' title='bbox 1093 3675 1167 3733; x_wconf 89' lang='lat' dir='ltr'>hanc</span> <span class='ocrx_word' id='word_1_351' title='bbox 1179 3679 1287 3736; x_wconf 87' lang='lat' dir='ltr'>terram</span> 
     </span>
     <span class='ocr_line' id='line_1_37' title="bbox 166 3766 1288 3842; baseline 0.001 -14"><span class='ocrx_word' id='word_1_352' title='bbox 166 3769 336 3842; x_wconf 84' lang='lat' dir='ltr'>apparuisse</span> <span class='ocrx_word' id='word_1_353' title='bbox 365 3768 465 3827; x_wconf 89' lang='lat' dir='ltr'>Paridi</span> <span class='ocrx_word' id='word_1_354' title='bbox 500 3769 642 3827; x_wconf 87' lang='lat' dir='ltr'>Graeciae</span> <span class='ocrx_word' id='word_1_355' title='bbox 672 3769 758 3826; x_wconf 89' lang='lat' dir='ltr'>urbes</span> <span class='ocrx_word' id='word_1_356' title='bbox 789 3766 1033 3826; x_wconf 75' lang='lat' dir='ltr'>florentissimas«</span> <span class='ocrx_word' id='word_1_357' title='bbox 1088 3767 1288 3829; x_wconf 86' lang='lat' dir='ltr'>Schneider</span> 
     </span>
     <span class='ocr_line' id='line_1_38' title="bbox 166 3858 1288 3940; baseline 0.003 -19"><span class='ocrx_word' id='word_1_358' title='bbox 166 3880 195 3936; x_wconf 88' lang='lat' dir='ltr'>p.</span> <span class='ocrx_word' id='word_1_359' title='bbox 216 3864 281 3921; x_wconf 74' lang='lat'>417.</span> <span class='ocrx_word' id='word_1_360' title='bbox 321 3863 402 3934; x_wconf 81' lang='lat' dir='ltr'>Ego,</span> <span class='ocrx_word' id='word_1_361' title='bbox 422 3879 486 3920; x_wconf 92' lang='lat' dir='ltr'>cum</span> <span class='ocrx_word' id='word_1_362' title='bbox 507 3861 576 3940; x_wconf 81' lang='grc' dir='ltr'><em>δίχα</em></span> <span class='ocrx_word' id='word_1_363' title='bbox 594 3859 706 3939; x_wconf 75' lang='grc' dir='ltr'><em>χθονὸς</em></span> <span class='ocrx_word' id='word_1_364' title='bbox 721 3858 882 3940; x_wconf 79' lang='grc' dir='ltr'><em>Ἠμαθιήων</em></span> <span class='ocrx_word' id='word_1_365' title='bbox 902 3861 938 3919; x_wconf 88' lang='lat' dir='ltr'>ab</span> <span class='ocrx_word' id='word_1_366' title='bbox 959 3862 1041 3932; x_wconf 85' lang='lat' dir='ltr'>spico</span> <span class='ocrx_word' id='word_1_367' title='bbox 1066 3861 1181 3931; x_wconf 88' lang='lat' dir='ltr'>quidem</span> <span class='ocrx_word' id='word_1_368' title='bbox 1200 3870 1288 3936; x_wconf 84' lang='lat' dir='ltr'>poeta</span> 
     </span>
     <span class='ocr_line' id='line_1_39' title="bbox 166 3955 1287 4030; baseline 0.004 -18"><span class='ocrx_word' id='word_1_369' title='bbox 166 3955 214 4012; x_wconf 87' lang='lat' dir='ltr'>vix</span> <span class='ocrx_word' id='word_1_370' title='bbox 237 3972 290 4027; x_wconf 90' lang='lat' dir='ltr'>pro</span> <span class='ocrx_word' id='word_1_371' title='bbox 321 3961 473 4028; x_wconf 89' lang='lat' dir='ltr'>praeter</span> <span class='ocrx_word' id='word_1_372' title='bbox 498 3955 700 4014; x_wconf 88' lang='lat' dir='ltr'>Macedoniam</span> <span class='ocrx_word' id='word_1_373' title='bbox 731 3955 788 4013; x_wconf 88' lang='lat' dir='ltr'>dici</span> <span class='ocrx_word' id='word_1_374' title='bbox 813 3971 899 4027; x_wconf 88' lang='lat' dir='ltr'>posse</span> <span class='ocrx_word' id='word_1_375' title='bbox 928 3969 1098 4028; x_wconf 89' lang='lat' dir='ltr'>persuasum</span> <span class='ocrx_word' id='word_1_376' title='bbox 1128 3955 1287 4030; x_wconf 87' lang='lat' dir='ltr'>habuerim,</span> 
     </span>
    </p>
   </div>
   <div class='ocr_carea' id='block_1_4' title="bbox 168 4045 1291 4192">
    <p class='ocr_par' dir='ltr' id='par_1_4' title="bbox 168 4045 1291 4192">
     <span class='ocr_line' id='line_1_40' title="bbox 168 4045 1291 4133; baseline 0.001 -27"><span class='ocrx_word' id='word_1_377' title='bbox 168 4049 309 4120; x_wconf 89' lang='lat' dir='ltr'>simulque</span> <span class='ocrx_word' id='word_1_378' title='bbox 325 4045 479 4127; x_wconf 78' lang='grc' dir='ltr'><em>Αἱμονιήων</em></span> <span class='ocrx_word' id='word_1_379' title='bbox 497 4049 543 4106; x_wconf 86' lang='lat' dir='ltr'>vel</span> <span class='ocrx_word' id='word_1_380' title='bbox 561 4049 627 4106; x_wconf 89' lang='lat' dir='ltr'>ideo</span> <span class='ocrx_word' id='word_1_381' title='bbox 647 4049 784 4106; x_wconf 89' lang='lat' dir='ltr'>intactum</span> <span class='ocrx_word' id='word_1_382' title='bbox 799 4047 999 4118; x_wconf 85' lang='lat' dir='ltr'>reliquendum</span> <span class='ocrx_word' id='word_1_383' title='bbox 1017 4045 1107 4107; x_wconf 89' lang='lat' dir='ltr'>fuisse</span> <span class='ocrx_word' id='word_1_384' title='bbox 1120 4051 1291 4133; x_wconf 75' lang='lat' dir='ltr'>reputarim,</span> 
     </span>
     <span class='ocr_line' id='line_1_41' title="bbox 1052 4141 1085 4192; baseline 0 -19"><span class='ocrx_word' id='word_1_385' title='bbox 1052 4141 1085 4192; x_wconf 66' lang='lat'>6*</span> 
     </span>
    </p>
   </div>
   <div class='ocr_carea' id='block_1_5' title="bbox 0 0 1459 4606">
    <p class='ocr_par' dir='ltr' id='par_1_5' title="bbox 0 0 1459 4606">
     <span class='ocr_line' id='line_1_42' title="bbox 0 0 1459 4606; baseline 0 0"><span class='ocrx_word' id='word_1_386' title='bbox 0 0 1459 4606; x_wconf 95' lang='lat' dir='ltr'> </span> 
     </span>
    </p>
   </div>
  </div>
 </body>
</html>
