2880 4606
598 299 832 365 -103-

155 491 280 547 maestas
301 502 367 546 esso
385 492 471 560 putat
491 486 577 555 deas,
602 486 679 559 quod
699 488 849 546 mortalem
869 504 922 561 pro
942 486 1039 546 iudico
1059 488 1221 548 habuerint.
1242 522 1282 533 -·

150 577 200 640 ἐπ’
223 577 370 660 ούρανίήσι
383 580 416 638 Μ
431 585 461 638 et
479 579 544 638 cdd.
558 587 626 640 anto
638 580 827 654 Lenncpium,
848 577 893 637 ἐπ’
917 577 1060 659 ούρανίήσι
1076 581 1178 656 GLN,
1198 579 1282 640 ἐπου-

155 673 278 753 ρονιήσι,
299 673 376 747 qnod
395 674 498 732 maluit
516 673 642 746 Ubelus,
663 672 732 746 GP,
753 670 1004 753 ἐπαυρανίρσινὸ,
1028 671 1228 752 ἐπουρανίοισι,
1248 681 1285 733 nt

154 784 192 828 ex
216 769 289 828 coni,
311 767 404 826 edidit
422 767 551 841 Lennep,
579 769 617 841 Q,
642 764 824 848 ἐπουρανίῃσι
850 769 916 828 edd.
941 767 1010 828 inde
1036 769 1219 828 aBehkero.
1245 801 1282 811 -

155 859 219 922 993
240 860 378 938 κυπριδυς
397 860 450 937 cyr
451 868 513 940 αῖήν
539 861 588 918 καὶ
607 857 816 941 ἐπήρατυνΜς
839 860 960 922 -994
979 860 1032 940 ἠδὲ
1056 863 1102 934 Μ,
1128 861 1199 940 ήὸὲ
1219 863 1283 926 rell.

152 955 277 1016 cedde
278 955 387 1029 t.edd,
408 951 478 1032 ήὸὲ
493 972 617 1029 ego;-
584 956 779 1027 -ἀνταξίιυν
799 954 893 1034 ἐρχων
913 958 1015 1028 Μ;-
1039 954 1101 1015 295
1124 952 1215 1033 νύμφη
1229 957 1281 1029 W;

157 1047 339 1161 ιμερύεσσαν
350 1050 398 1122 Μ,
419 1049 491 1125 ἰμερ.
514 1049 580 1122 GL,
601 1047 681 1127 ήμερ.
701 1050 839 1122 ANQR3
861 1048 1016 1107 κατένευσε
1037 1046 1108 1122 03’
1096 1068 1221 1106 υπασσαι
1240 1050 1283 1121 Μ,

156 1139 262 1200 οπασαι
275 1139 339 1216 L
325 1161 458 1208 οπασσας
467 1142 519 1202 Ac
533 1144 593 1214 (hic
606 1145 720 1215 quidem
735 1161 798 1201 cum
813 1144 851 1218 gl.
866 1141 1094 1221 παραχωρήσας)
1083 1143 1281 1256 INPQRSW.

156 1231 292 1294 ὀπάσσειν
318 1238 390 1294 coni.
417 1237 606 1311 Tournierp.
628 1245 664 1298 36
691 1237 757 1297 fort.
737 1243 922 1296 trecte-
946 1235 1011 1295 296
1032 1233 1182 1314 ἐλένήνΟ,
1202 1233 1282 1295 ε’ννέ-
1293 1262 1296 1267 ·

155 1331 349 1401 aooocS;-
374 1327 436 1388 297
462 1325 560 1388 ἕνεκεν
580 1331 656 1403 ΜΟ,
683 1327 770 1388 ἕνεκα
791 1331 842 1402 W,
867 1330 991 1407 τετλήκα
1012 1331 1057 1402 Μ,
1083 1328 1173 1386 πολλὰ
1193 1329 1282 1388 tacite

157 1424 275 1497 scripsit
299 1423 447 1481 Hermann
472 1443 500 1498 p.
523 1433 573 1498 20,
603 1425 655 1483 sed
681 1424 731 1482 cir.
761 1424 902 1502 τήλίκυν
928 1421 1013 1500 οἶδμα
1037 1422 1164 1501 περήσας
1188 1425 1281 1483 Noun.

155 1516 242 1576 Dion.
264 1522 310 1589 42,
334 1523 397 1575 102.
437 1517 567 1595 πειρῆσαι
587 1517 634 1589 Μ;
662 1519 742 1577 »Non
762 1534 880 1591 prorsus
902 1517 1039 1576 abhorret
1060 1518 1096 1576 ab
1117 1535 1171 1575 usu
1192 1516 1283 1576 Grac·

156 1625 255 1668 corum
276 1609 340 1681 καί,
361 1611 438 1681 quod
458 1610 495 1667 ad
515 1615 606 1668 totam
631 1611 803 1669 sententiam
824 1612 960 1683 pertinet,
981 1612 1153 1670 collocatum
1174 1617 1206 1669 ut
1225 1610 1281 1668 hic.

157 1703 216 1762 Sed
237 1710 334 1760 tamen
354 1704 515 1774 elegantius
541 1702 575 1759 δι’
596 1700 717 1780 οἴδματα
737 1706 911 1778 scripsisset.
953 1705 1045 1777 Quum
1071 1711 1167 1763 autem
1187 1704 1283 1764 Nonni

156 1800 239 1854 secta
258 1799 335 1854 amet
355 1797 526 1868 partitiones
552 1797 682 1870 perduc
704 1797 752 1852 καὶ
774 1797 880 1870 lactas,
908 1797 985 1855 haud
1012 1799 1071 1856 scio
1100 1814 1136 1854 an
1162 1797 1284 1869 perierit

155 1905 256 1947 versus
278 1889 378 1947 eadem
399 1890 501 1948 vocula
525 1891 680 1964 incipiens
707 1891 761 1949 hac
786 1893 943 1950 sententia:
972 1897 1006 1948 et
1031 1897 1100 1949 tam
1125 1894 1282 1948 remotas

156 1983 325 2054 regiones
346 1982 477 2041 adire«
519 1984 695 2041 Hermann
716 2003 743 2057 p.
766 1993 817 2056 203
840 2017 872 2026 -
896 1983 959 2043 998
980 1983 1078 2059 γάμων
1098 1983 1169 2055 AQ3
1197 1979 1283 2058 κερά-

157 2073 243 2186 σύμεν
264 2110 304 2180 R3
325 2105 512 2185 ε’πικυύερεια
531 2112 564 2168 M
571 2128 578 2182 ;
601 2145 633 2152 —
658 2109 721 2170 299
743 2109 812 2167 κατ’
833 2107 997 2189 αἷσχύνειας
1016 2110 1118 2181 ΑΟΝ;
1144 2107 1215 2187 ἐμήν
1236 2108 1284 2167 κύ-

156 2220 232 2278 πριν,
253 2202 358 2261 omisso
384 2201 432 2257 καὶ
454 2203 500 2274 Μ,
529 2199 652 2279 ἐλέγξας
671 2205 716 2275 Μ,
739 2201 858 2283 ἐλέγξῃς
877 2205 942 2262 rell.
963 2203 1046 2262 codd.
1073 2210 1102 2265 et
1128 2204 1193 2262 edd.
1215 2212 1282 2264 ante

156 2294 258 2353 Lchrs.
292 2294 446 2352 »Fortasse
467 2296 530 2356 cod.
544 2297 618 2356 Mat.
638 2298 715 2356 idem
735 2301 805 2371 vult,
827 2316 861 2357 ac
876 2300 994 2371 vulgata
1008 2300 1104 2369 lectio,
1127 2307 1157 2359 et
1176 2300 1283 2358 excidit

157 2385 206 2444 καὶ
232 2392 300 2445 ante
320 2384 439 2463 Κύπριν;
465 2390 516 2447 sed
543 2390 629 2447 simili
653 2392 738 2451 modo
764 2392 898 2450 excidere
925 2393 1011 2450 etiam
1037 2396 1131 2467 potuit
1152 2391 1192 2471 μή
1216 2400 1283 2467 post

156 2476 235 2557 ἐμήν,
256 2487 288 2537 ut
308 2486 385 2538 esset
408 2477 477 2559 ἐμήν
499 2479 539 2560 μή
560 2480 664 2560 Κύπριν
689 2481 836 2561 ἐλέγξαις,
863 2503 936 2558 quae
962 2489 1085 2560 optativi
1109 2486 1202 2546 forma
1226 2504 1283 2546 non

157 2571 320 2630 damnanda
340 2578 392 2630 est.
423 2574 530 2632 Verum
552 2592 615 2634 cum
637 2577 706 2637 ch.
727 2579 835 2639 haheat
854 2575 926 2658 ἐμήν
948 2579 1052 2658 Κυπριν
1071 2576 1204 2656 ,ἐλεχξαα
1226 2580 1283 2641 for-

156 2671 236 2724 tasse
250 2664 325 2723 adeo
339 2666 535 2726 scribendum:
547 2666 587 2746 μή
596 2689 634 2743 με
646 2670 879 2750 καταισχύνειας,
894 2670 964 2749 ἐμήν
978 2667 994 2748 ή
1010 2672 1117 2750 Κύπριν
1131 2669 1280 2749 ἐλέχξαιςο

158 2756 329 2817 Graefius
349 2777 377 2831 p.
394 2767 457 2818 255.
489 2760 581 2818 Lchrs
602 2763 718 2821 iubente
733 2765 898 2824 Hermanno
913 2784 941 2839 p.
958 2775 994 2826 20
1015 2764 1052 2823 εἴ
1060 2786 1103 2841 με
1125 2764 1281 2844 καταισχύ-

158 2871 249 2923 νειας,
279 2848 350 2930 ἐμήν
376 2850 424 2908 καὶ
451 2849 555 2930 Κύπριν
581 2851 747 2931 ἐλέχξεις
773 2859 873 2916 edidit.
919 2861 964 2917 Ex
990 2860 1022 2918 M
1046 2860 1113 2918 libri
1139 2861 1283 2932 scrIptura

157 2944 305 3018 profectus
329 2944 369 3024 μή
390 2966 430 3023 με
450 2944 687 3025 καταισχύνειας,
712 2946 782 3028 ἐμήν
808 2949 856 3006 καὶ
877 2949 984 3029 Κύπριν
1008 2949 1141 3030 ἐλέχξαις
1160 2953 1283 3011 coniecit

161 3039 320 3099 Schneider
333 3058 361 3113 p.
374 3047 439 3113 434,
453 3041 545 3099 simile
561 3040 609 3097 καὶ
623 3044 784 3115 particulae
799 3045 980 3118 hyperbaton
995 3048 1117 3107 afferens
1133 3064 1168 3106 ex
1179 3049 1282 3106 Ncnno

159 3133 244 3192 Dion.
264 3136 307 3205 17,
325 3135 378 3193 157
399 3132 515 3213 τεύχων
530 3136 628 3210 κῶμον
640 3131 725 3215 Ἅρήι,
747 3136 874 3195 θαλύσια
894 3139 942 3196 καὶ
955 3139 1085 3218 Διονύσῳ
1100 3147 1129 3199 et
1142 3141 1282 3213 Paraphr.

159 3225 232 3295 421
254 3224 313 3304 ζωή
337 3224 399 3302 ἐγὼ
420 3227 531 3303 βιότοιο
558 3228 606 3286 καὶ
632 3229 768 3307 ἀτραπός.
809 3232 938 3292 Priorem
961 3233 1068 3293 Graefii
1089 3237 1283 3294 coniecturam

156 3321 298 3394 praetulit
321 3321 433 3380 Tiedke
458 3323 488 3378 in
513 3323 621 3381 Herma
647 3325 717 3381 XIII
737 3343 764 3396 p.
786 3328 842 3384 357
872 3344 954 3384 »nam
980 3329 1071 3398 magle
1100 3329 1282 3400 Nonnianum

157 3414 230 3471 illud
247 3412 287 3490 μή
308 3415 405 3473 reddit
425 3417 593 3474 orationem.
626 3415 673 3487 (cf.
688 3417 772 3476 Dion.
788 3419 811 3476 V
826 3426 882 3477 443
901 3415 991 3494 ἐμοὺς
1002 3417 1041 3496 μή
1056 3424 1149 3477 κτεῖνε
1163 3421 1282 3497 φονῆας,

156 3507 199 3565 ΧΙ
220 3508 274 3568 321
300 3503 367 3584 ἐμοὶ
387 3506 427 3585 μή
455 3507 566 3584 δάκρυα
594 3509 704 3590 λεήέής,
729 3512 783 3570 XV
810 3519 865 3570 328
891 3513 959 3588 τεῆς
981 3509 1021 3589 μή
1047 3512 1147 3590 φείδεο
1173 3514 1282 3590 νευρῆς,

156 3601 233 3673 XVI,
257 3608 310 3660 165
332 3597 405 3680 ἐμῆς
422 3600 462 3681 μή
483 3602 558 3681 ψαῦε
578 3603 734 3682 φαρέτρης,
755 3606 852 3664 XVIII
874 3612 909 3664 19
930 3602 1000 3681 ἐμὸν
1017 3604 1057 3684 μή
1078 3606 1161 3687 δῶμα
1180 3605 1284 3682 παρέλ-

157 3690 220 3772 θῃς,
241 3694 352 3752 XXXV
367 3702 402 3754 51
424 3691 496 3771 ἐμοῦ
507 3694 547 3773 μή
563 3695 638 3773 pais
655 3699 788 3775 χιτῶνος,
810 3699 876 3757 Par.
894 3696 922 3754 Υ
933 3700 968 3758 74
988 3695 1067 3774 ἐμῶν
1084 3697 1124 3775 μή
1145 3698 1220 3776 ψαύε
1237 3719 1283 3776 χι-

156 3784 278 3858 τώνων.)
319 3788 456 3846 Eiusdem
482 3789 577 3847 Nonni
603 3790 699 3860 gratia
729 3785 851 3869 ἐλέγξῃς
876 3807 962 3862 quam
992 3787 1125 3866 ἐλέχξαις
1155 3792 1282 3850 scribere

157 3880 265 3951 malim,
286 3887 318 3939 ut
338 3880 427 3939 verba
448 3897 523 3953 quoe
544 3886 611 3939 sunt
631 3881 852 3962 καταισχύνειας
866 3891 895 3942 et
908 3881 1028 3963 ἐλέγξῃς
1041 3883 1125 3942 modo
1140 3884 1281 3958 differant,

157 3975 232 4034 sicut
252 3975 335 4034 Dion.
357 3975 382 4032 V
402 3983 456 4033 431
469 3991 510 4047 sq.
528 3972 567 4052 μή
587 3995 622 4032 σε
641 3975 851 4053 παραπλάχξειε
872 3976 943 4055 νύύή
964 3977 1011 4034 καὶ
1033 3973 1153 4042 ἄπιστος
1173 3975 1281 4056 ὀπωπή,
