2880 4606
616 322 827 384 ..46-

278 491 352 573 Ζὲὺς
371 505 405 566 δὲ
425 508 502 565 θεῶν
523 506 571 565 καὶ
590 510 685 571 νεῖκος
705 504 790 579 ἴδεν,
812 505 967 563 reiraida
987 507 1135 574 καλέσσας

283 635 314 644 -
435 637 467 644 -
510 634 546 644 -
588 632 621 643 -
683 635 695 641 ·-
795 599 983 675 προσέννεπεν
998 599 1156 676 Ἑομοὶωνα.

157 728 223 769 uam
243 711 318 782 quod
340 709 416 768 θεῶν
436 712 632 784 praepositum
654 717 699 768 est
717 712 834 768 voculae
852 710 908 784 καί,
930 711 986 768 iam
1001 711 1127 770 Homero
1142 713 1283 771 usitatum

157 805 211 863 hoc
230 804 383 878 hyperbati
403 822 494 876 genus
515 811 567 875 est,
589 820 645 875 quo
665 806 694 860 in
709 805 844 862 oratione
860 804 1020 875 bimembri,
1041 820 1116 876 quae
1129 807 1283 877 particulis

157 898 334 956 correlativis
360 896 493 966 καὶ-κοί,
518 891 589 972 ἢ-δ,
615 891 770 952 οὔτε-οὔτε
801 903 830 953 et
856 897 995 955 similibus
1022 898 1087 955 aliis
1119 899 1283 971 copulatur,

156 992 244 1063 priori
265 990 391 1049 membro
412 997 629 1064 praeponuntur
650 991 817 1048 nouaclum
842 1006 915 1062 qnae
936 993 1051 1064 utrique
1064 991 1192 1049 membro
1207 1008 1283 1050 com·

157 1085 252 1142 munia
272 1089 346 1156 sunt,
367 1084 419 1142 sed
441 1085 527 1141 etiam
555 1100 630 1154 qnae
651 1083 687 1141 ad
710 1084 801 1141 solum
818 1084 968 1156 pertinent
988 1085 1096 1156 priusr.
1131 1083 1284 1142 Solinei·

156 1177 218 1234 der
237 1195 265 1250 p.
281 1185 345 1236 439.
377 1177 447 1234 Cum
473 1177 550 1250 apud
575 1176 673 1249 plures
689 1183 799 1249 poetas,
826 1184 856 1235 et
869 1181 1041 1249 praesertim
1056 1178 1133 1250 apud
1147 1179 1282 1238 Nonunm

157 1272 274 1342 eiusque
295 1277 453 1329 sectatores
474 1272 503 1327 in
524 1271 642 1328 secundi
662 1271 822 1328 hexametri
848 1271 931 1343 pedis
957 1272 1031 1329 thesi
1052 1273 1138 1342 longa
1158 1272 1283 1330 vocabu-

155 1367 245 1424 lorum
267 1366 367 1424 ultima
387 1365 498 1437 syllaba
524 1381 677 1436 numquam
704 1366 800 1437 posita
822 1372 908 1436 esset,
936 1365 1057 1437 Hilbcrg
1082 1365 1122 1435 (iu
1144 1365 1218 1423 libro
1239 1366 1283 1422 in-

156 1461 263 1531 scripta
283 1459 343 1516 Das
366 1460 483 1531 Princip
503 1458 555 1517 der
579 1459 813 1531 Silbenwaguug.
845 1446 930 1516 Wieu
951 1461 1025 1517 1879
1039 1475 1066 1530 p.
1085 1462 1150 1530 106)
1177 1458 1284 1517 vitiosa

156 1554 243 1610 etiam
264 1553 399 1625 synizesi:

195 1668 292 1726 θεάων
312 1669 385 1735 Ζεὺς
406 1667 433 1727 δ’
458 1667 517 1746 ἄρα
537 1671 632 1734 νεῖκος
652 1667 729 1741 ἰδών,
749 1666 781 1726 δν
802 1667 889 1725 παῖδα
911 1668 1058 1734 καλέσσας
1079 1671 1211 1730 coniecit.

157 1796 214 1855 Sed
227 1803 307 1855 recte
324 1798 469 1868 vulgatam
484 1813 539 1854 non
554 1796 719 1854 mutandam
734 1811 798 1853 esse
812 1797 925 1856 censuit
943 1796 1110 1857 Scheindler
1123 1800 1142 1856 l.
1156 1799 1175 1856 l.
1192 1800 1229 1858 70
1244 1831 1280 1842 -

155 1889 384 1967 εσηοεδρίσσοντα
390 1889 431 1961 Μ,
441 1885 663 1967 ἐφηδρήσσοντα
676 1891 710 1962 A,
724 1887 924 1967 ἐφεδρήσοντα
938 1890 1003 1948 edd.
1015 1898 1082 1950 ante
1095 1891 1203 1965 Steph,
1215 1889 1281 1949 ὁπο-

155 1979 320 2060 δρήσοοντα
340 1983 412 2040 coni.
434 1983 561 2055 Leunep,
585 1990 635 2040 »ut
654 1985 692 2040 sit
713 1984 796 2055 quasi
823 1983 899 2040 θεῶν
924 1981 1065 2062 ὑπηρέτης
1084 1986 1279 2044 Mercurius«.

155 2076 187 2133 lu
207 2077 282 2134 idem
303 2075 445 2133 inciderat
465 2076 611 2133 Hermann
632 2094 659 2148 p.
676 2084 727 2146 12,
755 2077 803 2147 qui
823 2076 1000 2149 Lcnnepium
1020 2079 1086 2138 ideo
1107 2085 1219 2137 tantum
1241 2081 1281 2136 vi-

156 2177 284 2243 tuperat,
311 2169 388 2241 quod
407 2170 461 2228 hoc
481 2168 620 2226 vocabulo
645 2165 740 2223 »dada
761 2164 900 2243 ὑπηρέτην
927 2168 1081 2241 significari
1101 2173 1199 2230 voluit.
1240 2172 1280 2231 At

154 2281 247 2335 neque
261 2264 315 2322 hoc
330 2263 513 2335 participium
531 2260 612 2332 fungi
626 2267 724 2332 potest
739 2260 912 2318 substantivi
925 2260 1028 2334 olfioio,
1049 2281 1103 2321 nec
1116 2266 1279 2336 praesentis

154 2357 338 2430 participium
358 2354 395 2411 ad
416 2370 452 2412 ea
471 2353 583 2424 referri,
604 2369 678 2423 quae
707 2352 835 2410 facturus
858 2354 897 2410 sit
916 2354 996 2412 iussu
1015 2357 1090 2414 lovis
1108 2357 1280 2432 Mercurius,

155 2448 206 2506 sed
231 2447 358 2520 pertinet
381 2445 419 2504 ad
445 2461 651 2518 praegressum
685 2443 848 2511 καλέσσοςε
880 2449 1023 2505 vocanti
1054 2451 1152 2521 patri
1182 2451 1280 2509 dicto

155 2541 396 2600 audientem«.
427 2536 647 2617 ὑποδρῆσσοντα
667 2540 757 2610 igitur
776 2540 888 2612 recepit
907 2540 1009 2599 Lehrs.
1040 2543 1133 2601 Aliter
1148 2543 1279 2602 Graelins

155 2652 182 2713 p.
198 2641 254 2692 244
277 2635 318 2690 »si
338 2638 462 2705 negatur
476 2629 670 2710 ἐφεδρήσσειν
691 2633 880 2691 assidendi
900 2651 996 2707 sensu,
1017 2635 1092 2706 quod
1106 2634 1169 2693 fieri
1181 2637 1279 2706 nolim,

155 2727 308 2800 legendum
328 2726 452 2786 fortasse
472 2724 696 2804 ὑφεδρήοσοντα
716 2727 752 2785 dc
772 2728 933 2799 Mercurio,
955 2730 984 2786 in
1004 2728 1132 2788 inferiori
1153 2730 1227 2803 loco,
1247 2736 1279 2788 ut

155 2824 317 2885 ministrum
348 2822 485 2893 decebat,
511 2821 639 2879 sedente.
685 2821 766 2879 Idem
793 2822 850 2880 alio
875 2821 963 2880 verbo
990 2822 1106 2881 volebat
1130 2823 1276 2897 Leunep,«

153 2916 332 2975 Vocabulum
358 2919 386 2972 in
405 2915 597 2986 suspicionem
618 2915 742 2974 vocabat
763 2916 852 2973 etiam
875 2915 1005 2988 Beklrer,
1031 2916 1111 2974 cuius
1137 2916 1210 2975 haec
1235 2923 1280 2976 est

154 3015 235 3067 nota:
270 3009 412 3081 »Vulgata
437 3007 519 3065 verbi
544 3005 637 3066 forma
658 3008 778 3066 Nonnus
806 3008 897 3065 utitur
924 3013 987 3080 (11,
1015 3011 1068 3067 127
1091 3014 1121 3066 et
1142 3016 1205 3068 148.
1233 3018 1279 3083 20,

155 3111 200 3163 36.
221 3111 267 3175 26,
288 3111 352 3161 332.
380 3109 432 3174 39,
454 3106 502 3172 91)
525 3102 609 3173 eique
631 3101 787 3170 insidendi,
814 3108 847 3159 ut
871 3106 1023 3174 parerat,
1050 3119 1107 3160 non
1132 3102 1281 3161 assidendi

153 3202 327 3275 potestatem
348 3196 407 3252 dat.
429 3195 560 3252 assidere
584 3195 658 3252 enirn
680 3199 724 3251 est
744 3191 952 3270 παρεδρὴσσειν
973 3201 1005 3263 9,
1032 3203 1114 3252 112π.
1155 3194 1216 3267 [ubi
1236 3201 1280 3254 ta·

153 3306 218 3348 men
237 3306 313 3347 nunc
334 3305 369 3346 ex
383 3288 541 3346 Hermanni
567 3287 767 3346 emendatione
782 3285 1025 3365 παραδρησοοοσα
1042 3287 1158 3361 editur].
1188 3288 1281 3348 Tour-

153 3384 216 3442 nier
235 3401 263 3455 p.
286 3385 320 3441 17
341 3376 564 3459 ἐπεγρησσοντο
589 3380 721 3452 coniecit,
747 3397 804 3452 quo
829 3380 968 3440 vocabulo
995 3381 1069 3439 sicut
1095 3383 1182 3453 otiam
1208 3398 1280 3442 voce

153 3472 357 3553 ἐπεηρηγορώς
382 3475 470 3534 animi
497 3474 602 3532 attenti
627 3473 770 3532 hominem
794 3477 874 3530 recte
900 3473 1047 3545 designari
1076 3481 1168 3547 putat.
1213 3476 1280 3550 Ego

152 3569 225 3632 nihil
245 3570 361 3638 mutavi,
383 3575 499 3642 poterat
520 3569 596 3628 enim
616 3565 791 3644 ἐφεδρήσσω
812 3567 960 3625 assidendi
978 3567 1216 3641 significationem
1228 3571 1281 3630 ba-

152 3663 221 3722 bere
234 3680 290 3723 non
304 3665 391 3722 aliter
404 3669 492 3736 atque
506 3658 671 3740 ἐφεδρεύοι.
679 3683 690 3732 ,·
704 3695 741 3704 -
755 3680 944 3738 προσεννεπεν
957 3662 1042 3734 MW,
1062 3660 1235 3738 προσέννεπε
1244 3665 1279 3735 Ρ,

151 3754 323 3831 προοένεπεν
338 3758 375 3828 Q3
402 3752 538 3832 ἐρμάωνα
559 3754 638 3825 M03
661 3787 695 3796 -·
723 3754 758 3814 71
779 3753 807 3812 εἶ
825 3773 887 3810 τινα
906 3774 959 3810 που
979 3756 1025 3826 Μ;
1051 3755 1192 3832 trepidarint
1216 3757 1282 3834 ρεέ·

152 3848 236 3926 δροις
248 3853 290 3924 Μ,
311 3851 386 3909 unde
403 3847 534 3907 Ἰδαίοισι
555 3867 607 3923 pro
618 3847 731 3907 Ἰδαίοιο
745 3850 929 3909 scribendum
945 3866 1009 3908 esse
1024 3850 1191 3909 dubitanter
1204 3853 1279 3911 coni.

150 3944 293 4003 Touruier
310 3962 338 4016 p.
348 3946 405 4014 17.;
422 3942 522 4008 ἰδαίοις
537 3944 579 4016 G3
595 3975 629 3988 -
645 3942 686 4003 tt
700 3943 791 4020 πάροι
803 3943 849 4014 Μ,
864 3944 953 4003 verba
967 3941 1016 4000 τὸν
1028 3941 1135 4019 ἀγλαὸν
1149 3941 1282 4022 admissa

152 4055 205 4101 om.
220 4038 262 4110 M,
277 4038 326 4110 qui
346 4053 446 4096 eorum
469 4039 533 4097 loco
548 4053 583 4096 ex
597 4038 747 4110 superiore
758 4045 853 4095 -rersu
872 4037 1012 4114 ποηοϊδοῖοι
1027 4034 1167 4113 ρεέδροις
1178 4038 1279 4098 habet.
