2880 4606
620 325 808 388 ,9-

231 546 270 614 Α
309 542 536 608 Ambrosianus
552 545 609 622 Qn
640 561 710 624 sup.
732 562 814 608 saec.
830 542 889 608 XV
904 542 998 608 chart
1013 544 1046 608 in
1061 544 1097 608 4⁶
1128 543 1204 608 olim
1228 543 1275 613 10.

150 663 240 730 Vinc.
255 660 377 728 Pinelli.
395 661 543 727 Continet
557 660 690 724 Trichae
712 661 864 743 synopsin
887 660 928 726 de
950 661 1061 726 metris
1084 681 1206 742 novem,
1221 662 1276 729 Li·

149 775 237 840 banii
259 771 440 857 epistolicos
462 758 674 850 characteres,
697 769 890 849 (lolluthum‚
914 771 1178 854 Tryphiodorum.
1224 773 1275 838 Ex

151 885 212 951 hoo
234 884 342 951 codice
365 882 547 948 Colluthum
566 881 668 947 edidit
683 881 868 948 Theodorus
884 880 978 962 Villa,
1001 883 1055 966 qui
1076 883 1175 948 etiam
1199 902 1276 949 non·

151 995 255 1061 nullas
277 994 412 1076 glossas,
440 1013 522 1079 quae
549 993 705 1075 plurimae
735 993 768 1056 in
797 992 906 1058 codice
928 998 1039 1058 extant
1061 993 1200 1075 imprimi
1222 1012 1276 1059 cu·

150 1107 243 1171 rasit.
272 1105 357 1182 Quas
371 1108 495 1187 utpote
506 1103 626 1168 minimi
641 1103 736 1186 pretii
751 1123 860 1169 omnes
875 1103 969 1170 omisi
984 1105 1067 1168 sicut
1080 1123 1135 1168 eas
1148 1122 1276 1190 quoqne

152 1234 231 1300 quas
253 1215 447 1281 scholiorum
468 1215 594 1279 nomine
615 1214 783 1296 insignitas
805 1214 905 1279 Iulien
927 1234 966 1278 ex
981 1213 1167 1297 Q‘protulit.
1202 1214 1277 1278 Am·

151 1325 293 1391 brosiani
312 1324 430 1390 codicis
452 1326 576 1389 »varias
598 1324 750 1389 lectiones
771 1329 939 1406 excerptas
956 1325 1017 1390 ad.
1036 1324 1164 1389 Abbate
1179 1323 1275 1403 Villa,

152 1443 284 1502 curante
306 1435 504 1518 amplissimo
526 1435 707 1500 marchione
726 1435 895 1501 Theodoro
911 1433 1094 1499 Alexandro
1109 1434 1276 1513 Trivuloio,

152 1552 286 1630 rogante
302 1547 339 1612 A.
355 1546 390 1610 F.
404 1545 520 1628 Gamo«
546 1546 589 1611 ad
604 1546 798 1629 exemplaris
813 1546 956 1611 Lectiani
970 1547 1146 1628 marginem
1167 1548 1276 1610 enota-

151 1664 203 1723 tas
238 1658 353 1725 Oxonii
381 1659 415 1723 in
450 1656 650 1722 Bibliotheca
677 1657 855 1723 Bodleiana
881 1657 966 1723 inter
995 1655 1137 1722 Dorvillii
1166 1675 1276 1722 manu-

151 1768 272 1851 scripta
294 1768 346 1852 (X.
367 1773 394 1848 1,
410 1771 441 1848 4,
459 1770 514 1850 27)
537 1766 611 1832 vidi.
656 1766 849 1833 ADorvillio
872 1787 927 1833 eas
949 1769 1073 1849 accepit
1086 1767 1225 1850 Lennep.

231 1923 263 1992 0
306 1921 377 1988 cod.
398 1921 562 1986 Parisinus
590 1921 695 2003 suppl.
717 1939 763 2003 gr.
789 1921 850 1984 109
872 1919 1026 1986 chartac:
1039 1939 1124 1985 eaeo.
1152 1919 1212 1984 XV
1233 1919 1276 1984 ab

152 2040 266 2106 eadem
287 2045 324 2105 ut
340 2040 467 2106 videtur
488 2061 584 2106 manu
607 2041 807 2106 vitiosissime
828 2041 967 2123 scriptus
989 2060 1054 2125 qua
1075 2039 1202 2106 celeber
1223 2038 1277 2106 ille

153 2151 262 2228 Quinti
290 2151 456 2233 Smyrnaei
486 2151 588 2216 codex
615 2149 826 2232 Monacensis3
854 2151 965 2232 glossis
991 2150 1146 2232 plurimis,
1169 2149 1285 2228 latinis*

139 2262 276 2346 'quoque
290 2260 491 2339 intermixtis,
511 2261 649 2324 refertus
672 2265 730 2325 est.
763 2259 887 2325 Primus
907 2265 983 2343 post
1001 2259 1179 2341 Patzigium
1201 2279 1276 2326 con-

150 2373 226 2438 tulit
240 2373 393 2438 Teurnier
415 2373 479 2456 (cui
501 2376 573 2438 erat
597 2371 647 2456 0),
671 2373 726 2456 qui
740 2393 861 2455 paucas
874 2377 1001 2438 tantum
1015 2393 1055 2438 ex
1070 2371 1276 2439 selectiores

150 2483 298 2566 protulit3
320 2484 434 2549 tertius
456 2503 515 2566 ego
537 2484 664 2550 contuli.

233 2630 269 2699 G
308 2627 411 2694 codex
425 2629 594 2696 Gothanus
609 2650 648 2694 ex
670 2629 877 2714 antiquarum
893 2629 1068 2695 editionum
1091 2629 1202 2712 aliqua
1224 2637 1278 2708 (ex

151 2747 241 2815 Porti
264 2748 404 2814 editione
426 2754 463 2814 nt
484 2747 562 2813 mihi
584 2748 714 2831 quidem
741 2748 878 2831 videtur)
902 2749 1080 2831 descriptus
1102 2754 1164 2828 est,
1191 2747 1278 2856 quod

150 2858 273 2941 primus
294 2859 374 2924 vidit
397 2859 432 2923 Ο.
449 2858 631 2927 Schneider.
679 2858 757 2924 Eius
784 2859 935 2925 lectiones
955 2857 1078 2942 publici
1102 2859 1182 2924 iuris
1202 2858 1279 2925 iecit

150 2968 203 3065 Fr.
232 2967 360 3034 Passow
395 2970 428 3033 in
456 2969 542 3035 ealce
576 2969 698 3035 Musaei
732 2990 762 3034 a.
799 2970 883 3034 1810
915 2969 1045 3051 Lipsiae
1077 2989 1097 3034 a
1128 2989 1163 3035 se
1199 2968 1278 3035 editi

152 3099 185 3163 p.
203 3080 394 3145 168-170.

231 3224 263 3292 a
308 3224 378 3290 eoa.
401 3225 498 3289 haur.
521 3225 601 3307 plut.
624 3224 730 3290 xxxi
752 3208 822 3290 eod.
845 3227 885 3288 ar
908 3225 1010 3290 cuae.
1034 3226 1278 3293 6661161-

152 3342 238 3408 latus
261 3343 359 3409 etiam
380 3364 402 3409 a
423 3343 743 3411 Biscionioa.1745.
788 3346 876 3423 Quae
889 3345 1063 3411 Dorvillins
1084 3366 1125 3412 ex
1146 3367 1185 3413 eo
1207 3365 1278 3413 eno·

153 3458 280 3520 taverat
296 3460 329 3521 et
352 3476 424 3520 eum
440 3455 602 3539 Lennepio
618 3456 871 3534 communicavit,
894 3461 1100 3521 asservantur
1114 3457 1146 3520 in
1169 3454 1277 3522 codice

152 3564 328 3632 Bodleiano
350 3586 449 3648 supra
469 3565 612 3632 laudato.

232 3736 271 3804 N
312 3735 382 3802 cod.
399 3735 629 3818 Neapolitanus
652 3736 722 3801 111⁴*
736 3740 784 3817 17,
807 3736 910 3802 chart.
925 3757 1009 3803 saec.
1024 3738 1087 3803 XV
1109 3737 1150 3804 ab
1166 3735 1279 3805 eadem

151 3872 250 3918 manu
271 3873 337 3936 qua
360 3854 469 3932 Quinti
488 3855 657 3939 Smyrnaei
679 3855 780 3922 codex
794 3856 1027 3922 Parrhasiauus
1041 3854 1277 3938 praestantissi-

82 3974 85 3980 '
151 3984 223 4030 mus
247 3967 409 4030 exaratus.
437 3966 539 4032 Huius
561 3968 679 4033 codicis
700 3967 829 4035 collatio
851 3967 1024 4033 innumeris
1045 3966 1130 4032 vitiis
1151 3971 1278 4032 scatens

151 4075 286 4141 editioni
308 4073 524 4157 Weigelianae
545 4077 670 4145 adiecta
692 4083 751 4144 est.
