2880 4606
615 314 826 376 ..67-

153 501 260 573 egerit,
280 499 352 558 loco.
365 478 409 540 '-
432 496 491 557 139
512 495 599 573 δεινρο
612 498 658 569 Μ;
678 516 810 573 πριαμοιο
824 496 871 569 Μ;
891 515 1056 573 παράκοιτιν
1072 497 1113 570 Μ,
1132 496 1284 573 παράκιτιν

78 653 84 658 ,
155 593 193 665 Ρ;
214 609 313 651 versus
330 599 420 652 1411-
429 600 482 651 143
500 593 607 650 omittit
619 591 665 662 M3
688 624 721 634 -
745 588 806 649 140
830 589 973 666 ἀτιμάσας
993 591 1046 650 cL
1059 591 1114 650 NP
1123 589 1216 663 QSW
1235 596 1284 663 (an

156 686 226 744 dett.
243 684 372 755 omnestl
393 687 434 740 dn
454 685 600 755 Portns;
620 717 657 727 -
678 682 734 741 141
755 679 911 748 ἐπαινέσας
932 683 1031 757 swa,
1055 680 1283 759 ἐπαινεσειαςῖ,

157 777 355 843 ἐπαινέσσειας
368 782 394 851 ὀ,
415 775 596 857 ἐπαινήσειας
610 779 696 836 etiam
710 778 801 850 Pom
816 810 853 820 -
867 775 928 836 142
943 775 980 834 σέ
989 779 1084 850 NPt,
1105 776 1141 836 σέ
1153 779 1206 850 W3
1227 797 1282 834 κοι·

155 869 260 949 ρανέῃν
280 871 380 943 Pm.1,
401 873 428 930 R
449 877 479 929 et
497 872 524 930 N
544 877 611 929 ante
632 887 715 942 corn,
733 871 772 929 W
791 876 858 942 post
876 886 964 941 corr.;
986 867 1034 925 καὶ
1056 869 1198 947 πατρώϊον
1212 873 1283 944 AQ3

158 998 192 1006 —
216 963 276 1022 144
293 984 451 1042 μῃποτεσοι
463 965 510 1037 Μ,
531 961 701 1041 ἐπιβρίσειεν
720 981 756 1023 ex
773 960 950 1040 ἐπιβράσειεν
965 963 996 1036 0,
1023 958 1235 1040 ἐπιβρίσειενόὠ
1249 968 1284 1038 Q,

157 1053 291 1132 ἐπιβράεν
305 1058 383 1132 SW,
404 1056 527 1135 ἐπῖβρνεν
541 1058 615 1130 NR,
636 1053 768 1132 ἐπιβροεν
783 1058 815 1129 V,
837 1053 969 1131 ἐπιβρύεν
990 1072 1025 1114 ex
1047 1052 1180 1133 ἐπιβροεν
1194 1058 1232 1130 Ρ;
1248 1091 1281 1100 -
1390 1092 1396 1106 ·

158 1148 217 1208 145
237 1148 339 1207 πειόεο
359 1171 408 1207 και
426 1148 585 1220 πτολέμους
605 1168 637 1206 τε
657 1170 706 1205 και
725 1168 842 1226 ῃνορεῃν
864 1168 899 1206 σε
912 1150 958 1220 Μ;
979 1168 1011 1206 τε
1024 1166 1079 1209 om.
1096 1149 1126 1222 0,
1147 1150 1203 1207 καί
1217 1157 1285 1226 post

136 1261 192 1328 ,τε
213 1258 268 1300 om.
290 1243 318 1300 S.
344 1243 455 1301 »Nonni
476 1250 651 1302 sectatorum
670 1245 752 1301 stilus
773 1243 859 1301 scribi
879 1243 976 1301 iubet«
999 1261 1034 1299 σε
1053 1259 1106 1316 pro
1126 1262 1167 1316 τε,
1188 1244 1283 1304 indice

157 1335 323 1393 Hermanno
347 1353 375 1407 p.
391 1342 440 1407 16;
466 1342 497 1394 et
514 1342 631 1394 secutus
652 1341 697 1393 est
716 1335 818 1393 Lehrs.
831 1365 879 1379 ·-
901 1332 960 1393 146
982 1332 1096 1410 ωσῃμὲν
1116 1334 1163 1405 Μ;
1192 1333 1283 1413 dego

157 1431 270 1502 scripsi,
290 1426 307 1505 ἡ
328 1430 411 1488 codd.
426 1431 488 1488 rell.
504 1436 534 1488 et
552 1430 633 1502 edd.;
654 1428 745 1508 αθῃνῃ
759 1430 805 1502 Μ;
828 1463 862 1471 -
884 1428 943 1488 147
963 1426 1055 1486 τοιάδ’
1080 1427 1231 1506 ὑποβλόδῃν
1245 1432 1283 1502 Q3

158 1556 317 1636 οποβλήδῃν
338 1556 384 1628 Μ;
406 1521 488 1613 ἔνεπέ
503 1558 536 1629 Q,
551 1574 624 1616 corr.
639 1558 735 1629 gloss,
756 1551 854 1613 ἔννεπε
871 1558 910 1627 Ρ;
931 1589 965 1596 -
987 1555 1046 1614 148
1067 1555 1095 1613 εἰ
1109 1576 1148 1632 με
1168 1562 1197 1614 et
1216 1575 1282 1632 προ

159 1667 339 1726 φερεστερον
360 1645 444 1727 ἔρνος
464 1647 594 1728 ὀπάσσῃς
612 1651 659 1721 Μ;
688 1646 773 1726 ἔρνος
791 1650 904 1722 PQW;
930 1646 963 1704 εἴ
971 1668 1010 1724 με
1031 1647 1191 1724 διακρίνας,
1216 1669 1282 1726 προ-

158 1740 338 1819 φερέστερον
358 1737 446 1821 εὖχος
466 1741 596 1822 ὀπάσσῃς
615 1744 687 1802 coni.
708 1744 838 1800 Pierson.
858 1742 990 1799 Verisim.
1011 1759 1039 1813 p.
1055 1743 1120 1814 ma,
1141 1741 1282 1814 probante

160 1834 306 1892 Harlesio.
342 1834 468 1906 Comma,
490 1835 566 1905 quod
586 1836 672 1905 vulgo
692 1841 758 1907 post
778 1832 929 1909 διάκρινον
949 1833 1110 1905 legebatur,
1130 1843 1197 1906 post
1215 1855 1282 1911 προ-

161 1923 338 2003 φερέστερον
360 1927 538 1999 transposuit
551 1943 569 1984 ο
582 1926 703 1985 Lehrsio
724 1933 840 1986 secutus
855 1926 1001 1984 Hermann
1021 1944 1050 2000 p.
1067 1933 1111 1999 16,
1132 1929 1181 2000 qui
1201 1929 1284 1987 addit

162 2021 270 2078 »Immo
296 2018 325 2076 εἰ
344 2017 396 2094 μέ,
422 2020 553 2092 inquiant
577 2021 626 2091 qui
652 2021 730 2093 apud
755 2019 985 2093 Tryphiodorum
1010 2036 1026 2078 e
1052 2038 1077 2079 v.
1093 2027 1147 2080 405
1169 2019 1209 2096 μὲ
1234 2020 1283 2078 καὶ

159 2108 262 2190 adrepe,
289 2112 404 2182 aliaque
425 2111 494 2169 alibi
513 2113 618 2169 similia
637 2112 846 2185 procuderant,
875 2128 949 2182 quae
969 2112 1052 2170 nobis
1072 2129 1128 2171 non
1149 2114 1283 2173 videntur

161 2223 225 2266 esse
237 2224 293 2266 non
307 2206 472 2278 appetentis
487 2205 726 2264 soloecismorum.
745 2199 783 2261 Ἥ
789 2201 820 2279 μ’
839 2201 960 2278 ἀνάειρ’,
975 2198 1062 2282 ἢέῃώ
1076 2201 1139 2262 σέι.
1162 2205 1282 2264 Secutus

160 2305 206 2358 est
231 2299 334 2356 Lehrs.
378 2299 533 2371 vulgatam
560 2299 818 2372 interpunctionem
844 2298 893 2369 qui
918 2304 946 2356 et
971 2298 1034 2371 ipse
1059 2299 1191 2357 vitiosam
1218 2314 1282 2358 esse

159 2394 260 2463 sensit,
280 2392 402 2466 Lennep
422 2388 500 2457 εἶδος
519 2408 572 2464 pro
593 2386 677 2479 ἔρνος
697 2392 783 2450 scribi
802 2392 895 2460 iussit,
916 2391 1094 2464 improbatus
1109 2391 1146 2449 ab
1160 2391 1281 2464 Iuliano,

160 2486 209 2556 qui
231 2501 319 2556 aegre
340 2486 421 2556 tulit,
452 2484 529 2558 quod
553 2485 583 2543 in
602 2484 743 2558 Lenuepii
768 2485 891 2545 lectione
916 2476 992 2542 κατὰ
1017 2491 1084 2557 post
1107 2485 1281 2544 adiectivnm

103 2563 108 2571 ⁵
162 2579 435 2651 subintelligendum
456 2585 513 2652 est,
539 2585 569 2638 et
589 2577 718 2657 ὀπάσσῃς
742 2580 804 2637 sine
823 2579 936 2638 obiecto
956 2584 1101 2650 remanet3
1129 2584 1282 2651 praeterea

159 2669 395 2751 προφερέστερον
415 2691 468 2747 pro
489 2673 623 2732 feminino
643 2675 768 2746 positum
789 2689 825 2729 ex
845 2671 1036 2744 Tryphiodori
1060 2673 1123 2730 loco
1144 2679 1200 2731 128
1221 2670 1281 2748 ἡμῖν

164 2767 315 2843 θαλπωραὶ
333 2765 562 2844 προφερέστεροι
582 2760 651 2842 ἤπερ
672 2761 795 2828 ἐκείνοις
813 2764 978 2820 illustravit.
1013 2762 1071 2822 sed
1090 2763 1131 2821 ibi
1150 2779 1227 2821 nnnc
1246 2780 1282 2822 ex

162 2861 355 2920 deterioribus
379 2862 448 2919 licet
472 2860 553 2919 libris
577 2857 807 2936 ποοφερέστεραι
828 2855 932 2914 editur.
972 2855 1036 2927 Ego
1056 2860 1122 2928 post
1141 2854 1281 2932 προφιῃέ-

162 2973 266 3031 στερον
287 2955 344 3014 duo
363 2953 546 3013 hemistichia
566 2952 708 3010 excidisse
728 2948 896 3022 significavi,
916 2963 990 3019 qnae
1011 2948 1137 3020 suspicio
1150 2965 1185 3008 eo
1198 2965 1281 3023 prae·

160 3049 261 3107 sertim
281 3046 424 3120 firmatur,
450 3047 527 3119 quod
547 3062 686 3117 nusquam
707 3039 790 3119 ἔρνος
809 3044 871 3101 sine
892 3041 1021 3114 epitheto
1041 3057 1094 3114 pro
1114 3043 1189 3102 malo
1208 3043 1282 3102 dixit

163 3139 320 3211 colluthus,
341 3138 404 3211 (cfr.
418 3157 444 3198 v.
460 3148 506 3200 60.
520 3146 556 3198 61
578 3132 662 3214 ἔρνος
681 3134 796 3207 ἑλοῦσα,
818 3134 922 3214 Μῆλον,
943 3141 1012 3192 etv.
1029 3142 1083 3194 131
1104 3133 1174 3193 τάδε
1182 3135 1281 3213 μῆλον,

160 3229 301 3312 ἐπήρατον
325 3229 421 3311 ἔρνος)
444 3238 474 3292 et
499 3231 576 3305 quod
600 3229 919 3290 versus130.131ad
945 3227 1066 3286 eandem
1091 3231 1281 3303 suspicionem

159 3329 323 3387 necessario
344 3326 450 3386 ducere
468 3325 615 3384 videntur:

264 3444 350 3523 δεῦρο
370 3444 522 3521 διακρίνων
542 3441 835 3520 προφερέστερον
855 3437 953 3521 εἶδος
972 3437 1096 3517 ὀπωπῆς,

264 3537 439 3618 φαιδροτέρῃ
459 3535 544 3594 τάδε
561 3536 669 3614 μῆλον
689 3533 864 3614 ἐπήρατον
884 3529 989 3610 ἔρνος
1009 3530 1174 3613 ὀπάσσῃς.

163 3665 298 3725 Ceterum
318 3664 454 3731 ὀπάσσεις
473 3683 525 3739 pro
546 3662 677 3744 ὀπάσσῃς
697 3665 768 3724 coni.
791 3661 922 3723 Graefius
942 3681 971 3736 p.
987 3669 1042 3722 246
1064 3667 1115 3719 »ut
1135 3661 1226 3719 simile
1240 3662 1281 3718 ni·

162 3760 235 3818 tium
260 3761 412 3832 aliquoties
438 3761 468 3818 in
491 3761 592 3819 Nonno
619 3760 812 3817 sustulimus«.
840 3791 876 3799 —
906 3754 965 3815 149
986 3773 1078 3830 πασῃς
1097 3753 1144 3823 Μ;
1173 3749 1204 3809 σ’
1224 3769 1278 3812 om.

162 3852 246 3912 codd.
268 3858 298 3911 et
318 3853 383 3912 edd.
404 3869 501 3912 omues
523 3858 590 3911 ante
611 3852 771 3911 Lehrsinm.
805 3852 846 3909 Et
865 3851 922 3909 iam
941 3849 1061 3920 Lennep
1081 3847 1110 3904 in
1129 3847 1279 3906 Animadv.

122 3981 125 3987 -
161 3962 190 4018 p.
208 3953 277 4005 101:
299 3945 431 4005 »omnino
445 3946 576 4004 voculam
591 3943 626 4002 σὲ
640 3944 801 4003 desiderari
820 3947 890 4015 puto
903 3941 958 3999 hoo
975 3938 1059 3998 modo
1073 3941 1280 4000 restituendam

161 4035 255 4116 πάσῃς
279 4035 419 4115 ἡμετέρῃς
438 4033 524 4113 Ἀσίῃς
543 4033 571 4093 o'
596 4034 721 4113 ἡγήτορα
746 4033 837 4112 dioro.
876 4032 940 4090 Nisi
965 4032 1040 4090 enim
1064 4032 1137 4091 haec
1156 4033 1281 4092 addatur

1044 4127 1078 4178 ᾖ*
