2880 4606
620 300 832 364 ..56-

160 481 225 541 dem
244 488 342 542 tamen
355 484 403 543 vix
423 484 532 558 dubito,
556 485 623 558 quin
645 485 733 543 latius
754 486 835 544 ulcus
856 487 1005 559 serpserit.
1027 503 1094 546 nam
1115 487 1165 558 qui
1184 488 1293 548 similia

158 578 323 650 anaphoras
345 578 477 651 exempla
497 578 574 652 apud
600 578 762 637 Colluthum
783 581 938 639 contulerit
956 598 982 638 r.
998 587 1068 639 245:

361 719 452 787 ἄνθος
473 721 613 801 ἀνηέξησε
636 722 811 800 παραίφασιν
828 719 986 788 Ἀπόλλωνι,

361 811 453 880 ἄνθος
473 812 617 893 ἀριζήλοιο
644 813 814 892 φερώνυμον
833 813 986 894 ήβητήρος,

56 962 61 971 ·
157 946 188 999 et
206 958 231 1000 v.
247 948 317 1000 349:

361 1042 485 1118 ἀστέρες
504 1041 661 1116 ὑπνώουσι,
684 1042 732 1100 καλ
752 1040 784 1101 ἐν
805 1042 976 1101 σκοτέεσσιν
997 1041 1082 1101 λαόει·

364 1135 488 1214 ἀστέρες
509 1135 683 1208 ἀντέλλουσι,
705 1136 753 1193 καλ
772 1133 805 1194 οὐ
825 1136 996 1213 παλίνορσος
1017 1135 1116 1210 ἱκάνει,

155 1293 205 1351 ubi
225 1294 348 1352 alterurn
368 1310 482 1351 versum
504 1294 590 1351 alteri
610 1298 692 1364 patet
717 1293 888 1350 examussim
910 1291 967 1364 [11]
983 1291 1170 1365 respondere,
1192 1308 1287 1351 nonne

155 1385 268 1457 patebit
288 1386 334 1444 hic
355 1401 467 1457 quoque
482 1386 575 1442 simile
589 1392 704 1456 poetae
719 1384 868 1441 consilium
883 1382 983 1455 fuisse,
1005 1400 1091 1455 quum
1106 1389 1186 1443 certe
1201 1386 1294 1444 verba

156 1475 240 1554 νόσφι
253 1477 287 1536 δὲ
305 1477 495 1554 βοσκομένων
510 1479 733 1537 accuratissime
747 1477 782 1535 iis
797 1476 995 1548 respondeant
1009 1493 1084 1547 quae
1101 1477 1203 1536 eodem
1224 1484 1294 1537 sunt

156 1572 275 1630 alterius
296 1589 396 1630 versus
415 1573 499 1631 loco?
531 1589 565 1630 ac
591 1574 673 1630 licuit
696 1577 801 1645 poetae
818 1572 960 1630 scribere:
983 1570 1068 1646 νόσφι
1089 1569 1123 1628 δὲ
1140 1569 1290 1648 βοσκομέ-

156 1684 211 1721 νων
236 1663 303 1722 όιῶν
329 1663 449 1742 ήριβμεε
474 1666 545 1722 πῶυ.
578 1667 632 1725 hoc
662 1666 752 1737 igitur
777 1666 823 1723 vel
850 1665 942 1722 simile
963 1665 1031 1736 quid
1054 1662 1219 1724 Collutbum
1240 1666 1291 1725 de-

156 1757 234 1816 disse
269 1775 437 1830 persuasum
458 1759 579 1818 habeo«
617 1759 785 1818 Schneideri
810 1759 1058 1817 ratiocinationem
1079 1760 1129 1829 qui
1148 1759 1293 1833 probavit,

155 1852 296 1909 Tournier
316 1870 344 1924 p.
361 1859 396 1909 22
417 1851 502 1927 νόσφι
529 1851 562 1910 δὲ
580 1851 763 1929 βοσκομένης
783 1849 933 1928 διεμέτρεε
953 1849 1035 1908 πώεα
1059 1852 1176 1928 ποίμνης
1202 1853 1292 1911 scribi

153 1945 246 2016 iussit,
267 1946 372 2004 collato
394 1946 495 2004 Nonuo
515 1946 601 2004 Dion.
629 1946 769 2004 XXXVII
790 1952 826 2004 51
853 1944 902 2000 aui
926 1942 1029 2008 πολέες
1049 1943 1195 2020 σφόζσντο
1214 1942 1292 2020 βόες

156 2037 204 2094 καὶ
223 2036 320 2094 πώεα
340 2038 493 2116 ποίμνης.
510 2040 623 2111 —Ego
646 2040 794 2111 vulgatam
807 2039 922 2108 retinui,
944 2055 1007 2096 cum
1023 2039 1110 2095 etiam
1123 2055 1149 2096 v.
1166 2045 1222 2096 114
1243 2037 1294 2094 acl

155 2135 292 2209 ταόρων
312 2130 438 2209 ἀμέλησε
453 2131 500 2189 καλ
520 2133 574 2190 oda
587 2129 739 2207 ἐμπάζετο
757 2129 875 2208 μήλων
897 2131 998 2189 eadem
1013 2132 1162 2201 vocabula,
1184 2131 1291 2203 quibus

154 2228 339 2300 iuxtapositis
364 2228 489 2286 offensus
511 2234 555 2286 est
583 2227 755 2299 Schneider,
784 2228 943 2298 socientur,
970 2232 1000 2283 et
1024 2227 1143 2284 verbum
1167 2221 1293 2283 ἐδόκευε

153 2339 179 2380 ν.
195 2329 250 2380 263
272 2321 523 2383 existimandi
544 2339 576 2380 v.
601 2328 652 2379 aut
653 2339 699 2379 em
720 2329 775 2380 264
795 2319 944 2378 videndi
965 2319 1207 2391 significationea
1224 2321 1289 2379 Gol-

154 2415 234 2474 lutho
255 2420 377 2486 usurpat
377 2431 424 2472 um
439 2414 543 2486 probet
531 2414 775 2473 tSobneiderum
797 2431 831 2473 eo
851 2431 907 2471 non
922 2413 1057 2472 debuisse
1077 2413 1192 2486 offendi,
1214 2415 1300 2510 quod

150 2507 272 2586 μήλων
290 2513 344 2564 104
364 2511 409 2564 ot
421 2522 468 2564 am
488 2507 597 2564 Priami
619 2506 707 2584 ληίδα,
729 2514 858 2579 quarto
879 2513 976 2565 autem
997 2507 1199 2565 abhincversu
1221 2523 1291 2567 oves

155 2602 232 2660 solas
259 2599 411 2673 significet.
392 2601 587 2659 tPraetera
608 2601 709 2659 eadem
729 2618 829 2659 versus
850 2602 980 2658 clausula
1001 2601 1108 2672 legitur
1121 2600 1199 2672 apud
1212 2602 1292 2660 Non-

155 2711 223 2752 num
245 2694 331 2752 Dion.
353 2702 399 2767 24,
420 2701 476 2754 223
496 2696 588 2751 πυκνὰ
608 2692 785 2772 δορικτήτων
801 2691 928 2770 λεμεόετο
948 2691 1028 2750 πώεα
1043 2689 1150 2770 μήλων.
1180 2695 1292 2754 Iniuria

156 2790 244 2847 etiam
270 2786 391 2866 ήρίόμεε
420 2807 473 2861 pro
499 2787 648 2864 διεμέτρεε
674 2790 824 2847 substituit
843 2788 1015 2858 Schneider,
1042 2789 1153 2846 scilicet
1170 2794 1203 2846 ut
1224 2804 1292 2847 eau-

155 2884 220 2943 dem
239 2883 301 2940 fere
326 2881 566 2954 significationem
592 2889 682 2955 atque
712 2883 914 2955 praecedentis
942 2899 1041 2941 versus
1062 2883 1197 2954 verbum,
1222 2902 1292 2958 πεμ-

154 2975 275 3049 πάζετο,
308 2978 393 3039 huius
420 2993 533 3048 quoque
558 2994 657 3036 versus
678 2979 795 3036 verbum
816 2979 931 3037 habeat.
970 2979 1025 3036 Est
1046 2979 1120 3035 enim
1141 2975 1292 3055 διεμέτρεε

155 3076 186 3129 et
206 3071 254 3128 hic
280 3076 310 3129 et
329 3070 378 3128 ubi
400 3070 500 3129 eodem
515 3087 615 3129 versus
630 3072 699 3130 sede
721 3073 828 3143 legitur
848 3090 873 3130 v.
889 3074 954 3144 237,
975 3073 1091 3131 oculis
1112 3071 1290 3142 dimetiri,

152 3170 186 3223 ut
205 3170 284 3222 recte
304 3166 344 3223 ibi
362 3166 450 3224 vertit
468 3165 577 3249 chrs,
601 3183 664 3223 cum
685 3184 710 3223 v.
736 3168 789 3224 107
817 3166 964 3224 dividendi
991 3168 1036 3224 vel
1059 3165 1178 3223 curandi
1198 3166 1290 3237 signi-

152 3259 315 3319 ficationem
344 3260 411 3318 huic
440 3260 579 3319 vocabulo
612 3262 686 3318 male
730 3261 905 3333 interpretes
931 3261 1110 3318 tribuissent.
1157 3259 1291 3317 Alteram

154 3352 323 3412 Schneideri
343 3355 552 3413 coniecturam
579 3351 728 3429 διεμέτρεε
748 3353 809 3410 πῶυ
827 3348 893 3430 μέγ’
918 3353 986 3410 οἰῶν
1011 3353 1186 3426 improbavit
1211 3352 1292 3411 Lud-

152 3449 222 3506 wich
249 3447 345 3520 Symb.
371 3449 435 3505 crit.
462 3466 505 3520 .p.
526 3455 561 3506 31
590 3453 710 3520 propter
738 3448 874 3507 viciosum
901 3448 1064 3519 elisionem,
1096 3462 1170 3517 quaa
1205 3462 1293 3519 argu·

153 3543 257 3599 mentis
278 3541 487 3601 aSchneidero
512 3541 610 3599 allatis
632 3543 679 3599 vix
700 3548 861 3600 excusetur.
877 3539 990 3600 -108
1011 3560 1105 3606 καιτις
1117 3541 1160 3613 Μ,
1182 3538 1230 3596 καὶ
1247 3539 1294 3608 τλς

155 3635 186 3708 O,
208 3655 256 3692 και
253 3634 368 3706 τιςὸ,
390 3635 444 3690 και
466 3655 492 3691 τι
514 3634 560 3706 W,
583 3640 613 3693 et
633 3649 659 3692 τι
678 3635 798 3693 habete
799 3635 938 3693 tiamP
930 3652 958 3692 111
978 3651 1079 3708 marg,
1101 3635 1155 3691 καί
1169 3637 1292 3693 τλίθιυ

154 3727 210 3786 fine
230 3745 330 3788 versus
345 3725 421 3846 δόρυ
433 3727 499 3785 edd
514 3732 584 3786 vett.
592 3725 771 3805 ;όρεσσ.-
738 3727 924 3807 -χιμαίρης
943 3728 1010 3786 add.
1025 3729 1119 3786 Μ3
1110 3745 1139 3785 1n
1154 3727 1199 3798 M;
1220 3725 1293 3805 δορή

153 3855 327 3925 MAOLN,
347 3853 473 3968 δόρυδ,
497 3855 631 3932 δυρυΜ,
652 3854 723 3933 δόρυ
743 3856 796 3928 W,
817 3855 924 3932 δοριΡ
945 3852 1057 3931 (δόρυ
1049 3871 1078 3912 ln
1098 3871 1188 3927 marg.
1209 3872 1245 3912 m
1262 3860 1292 3930 2)

153 3949 224 4027 δορη
246 3952 278 4022 Q
301 3970 350 4006 και
375 3969 419 4015 τις
445 3956 474 4008 et
494 3947 565 4027 δορή
582 3956 735 4023 receperat
758 3949 878 4023 Lennep
899 3965 934 4006 ex
952 3949 1033 4007 libris
1054 3954 1084 4007 et
1108 3965 1143 4007 ex
1165 3949 1294 4009 Fallren·

153 4045 258 4118 burgii,
279 4044 416 4114 Brodaei‚
429 4044 563 4104 Neandri
583 4046 625 4115 (in
640 4048 743 4117 marg.)
759 4043 898 4116 Stepham
913 4049 944 4102 e
957 4044 1099 4116 Anonymi
1114 4044 1293 4102 coniectura.
