2880 4606
367 649 758 735 ANNOTATIO
792 649 1079 735 CRITICA.

238 851 352 910 Titulus
373 853 516 924 poematis
536 857 583 910 est
601 852 631 909 in
650 851 697 910 M:
719 799 847 908 κλῦλῦθοο
868 854 955 922 (corr.
968 851 1002 910 M
1016 854 1056 920 2.)
1076 852 1193 928 ποιητοῦ
1208 853 1295 912 λυκο-

161 943 276 1002 πολιτου
306 942 419 1022 αοπαηὴ
450 946 506 1014 (sic
524 943 557 1003 M
571 952 597 1004 2.
625 961 661 1002 cx
686 948 811 1022 αρπαηη)
837 945 888 1022 τῆς
913 948 977 1022 (της
999 945 1095 1018 Μ.1.)
1124 942 1238 1020 ἑλένης;
1264 949 1296 1006 in

161 1038 297 1098 ALNR:
313 1038 474 1098 κολλούθον
486 1039 603 1118 ποιητοῦ
616 1037 729 1117 ἁρπαγὴ
743 1035 842 1116 ἑλένης
856 1040 925 1110 (nisi
938 1039 1015 1110 quod
1026 1037 1169 1098 κολλύθου
1182 1041 1210 1099 N
1225 1047 1296 1101 ante

162 1149 235 1192 corr.
250 1141 280 1195 et
299 1132 398 1212 ἐλένης
411 1134 464 1206 R);
493 1135 531 1208 Q:
559 1131 705 1191 κολοοθου
730 1131 847 1209 ποιητοῦ
874 1130 938 1207 περὶ
959 1133 1010 1210 τῆς
1030 1130 1160 1210 ἁρπαγης
1179 1129 1296 1210 ἑλένης;

162 1225 199 1286 G:
218 1226 282 1304 cepi
301 1227 431 1306 ἁρπαγης
451 1229 502 1306 τῆς
521 1223 634 1303 ἑλένηςς
656 1227 694 1286 W
715 1233 745 1286 et
766 1227 792 1285 G
812 1227 880 1295 (nisi
901 1225 978 1297 quod
998 1226 1045 1284 hic
1066 1224 1189 1301 θηβαίοο
1210 1227 1295 1285 λυκο-

160 1319 302 1391 πολίτου);
317 1319 461 1378 κολούθου
473 1319 658 1377 λοκοπολίτου
669 1318 792 1395 θηβαίου
803 1316 938 1376 ἐποποιοῦ
949 1315 1048 1397 ἑλένης
1059 1319 1185 1397 ἁρπαγης
1199 1322 1232 1380 S:
1244 1342 1295 1378 κσ-

161 1411 250 1471 λύθου
264 1413 413 1471 λύκολιτου
428 1412 551 1491 θηβαίοο
566 1410 701 1471 ἐποποιοῦ
715 1409 829 1491 ἁρπαηὴ
844 1409 958 1490 ἑλένης;
980 1413 1016 1471 de
1030 1412 1056 1470 V
1069 1414 1141 1472 nihil
1154 1415 1184 1472 in
1197 1414 1295 1474 Vossii

160 1508 304 1581 excerptis
318 1513 464 1579 notatum3
484 1509 514 1565 in
527 1507 551 1565 P
566 1504 711 1564 κολούθοο
723 1503 823 1584 ἑλένης
836 1505 948 1584 ύρπαηη
962 1508 1101 1580 scriptum
1116 1524 1181 1566 esse
1202 1508 1294 1568 refert

159 1604 262 1664 Iuliani
288 1604 491 1677 apographon,
517 1604 546 1660 in
572 1604 652 1660 cuius
677 1607 774 1660 tamen
797 1603 929 1675 margine
949 1603 1077 1663 codicem
1103 1603 1294 1674 inscriptione

159 1713 260 1756 carere
274 1699 416 1758 annotavi.
449 1697 618 1757 Editionum
631 1697 731 1756 titulos
745 1697 877 1756 consulto
891 1697 983 1755 omisi.
1019 1696 1034 1754 1
1050 1695 1163 1771 Νύμφαι
1178 1713 1213 1754 ex
1227 1693 1293 1770 νύμ·

159 1819 212 1876 ραι
221 1799 255 1857 Μ
266 1807 307 1872 2.;
323 1799 424 1869 ξάθοιο
437 1801 459 1860 0
470 1807 538 1860 ante
548 1816 632 1871 corr„
643 1817 706 1875 ιερα
716 1800 749 1858 Μ
761 1806 787 1871 1,
803 1780 867 1875 ίερὰ
877 1797 910 1855 Μ
921 1807 946 1857 2.
958 1831 995 1841 -
1010 1796 1031 1856 2
1047 1797 1078 1854 αἱ
1086 1801 1116 1869 λς
1134 1798 1172 1856 ad
1187 1795 1292 1874 νύμφαι

158 1895 286 1955 scholion
311 1895 340 1951 in
362 1895 401 1953 G:
427 1892 604 1950 ἐπικαλεῖται
627 1889 739 1968 νύμφας
759 1892 890 1969 γείτονας
910 1892 961 1950 τοῦ
986 1890 1055 1968 ὄρος
1071 1888 1129 1948 Ἴδα
1151 1894 1236 1963 (aiei)
1258 1891 1291 1952 ἐν

155 1989 242 2068 χύρῳ
266 1987 372 2066 Τροίης,
393 1983 466 2046 ἔνθα
487 1985 503 2043 ὁ
525 1985 616 2063 Πάρις
637 1985 690 2051 τὰς
708 1985 782 2060 βοῦς
802 1983 947 2061 ἐνόμευεν,
969 1991 999 2044 et
1020 1985 1058 2044 ad
1077 1985 1206 2061 ποταμοῦ
1220 1983 1291 2043 Ξάν-

157 2081 236 2142 doto:
262 2080 294 2141 θν
311 2082 468 2160 βαθυδίνην
494 2079 570 2158 λέγει
587 2077 714 2158 Ὅμηρος
733 2079 772 2138 Il.
794 2099 827 2156 φ.
847 2077 959 2144 πλάσας
984 2077 1033 2136 τὸν
1056 2080 1183 2153 ποταμὸν
1208 2078 1291 2156 ἀνδρὶ

157 2173 306 2252 εἰσόμενον
319 2175 503 2254 φθέγγεσθαι
521 2174 594 2252 πρὸς
612 2172 746 2252 Ἀχιλλέα,
767 2173 801 2240 ῦς
814 2173 1005 2251 ἀμειβόμενος
1019 2172 1209 2251 Σκάμανδρον
1230 2173 1289 2231 διο-

157 2268 268 2346 τρεφέα
277 2270 462 2328 ἀποκαλεῖται
476 2268 525 2327 τὸν
537 2268 674 2343 ποταμόν.
688 2304 720 2312 -
736 2269 941 2347 3πατρώηισιν
952 2268 1000 2340 Μ;
1016 2266 1061 2325 ἐπι
1071 2269 1103 2326 Μ
1116 2277 1151 2341 1.,
1163 2265 1208 2325 ἐπὶ
1217 2270 1251 2327 Μ
1262 2277 1288 2341 2,

156 2362 233 2421 unde
246 2369 420 2435 receperunt
436 2363 529 2420 Behk.
546 2368 576 2420 et
596 2362 661 2420 edd.
677 2379 760 2434 rece,
781 2360 824 2420 ἐνι
843 2363 912 2434 Ne,
933 2359 975 2421 ἐνὶ
997 2362 1034 2431 0,
1058 2359 1100 2420 ἐνί
1119 2364 1182 2421 rell.
1205 2363 1288 2436 dett,

157 2455 233 2528 quod
254 2455 384 2514 defendit
396 2456 501 2528 Popoff
518 2456 596 2529 apud
611 2455 757 2515 Graefium
774 2475 803 2531 p.
819 2463 884 2528 242,
898 2456 1036 2524 feliciter,
1050 2458 1145 2516 iudice
1162 2457 1286 2517 Graefio.

156 2546 288 2627 ψαμάθοι
302 2550 324 2609 0
338 2557 406 2609 ante
426 2567 500 2610 corr.
517 2582 545 2590 -
571 2549 704 2628 4χῶρον
723 2550 756 2608 Μ
772 2559 814 2622 1.;
835 2550 954 2627 ιθαίησιν
974 2550 1007 2608 Μ
1023 2558 1047 2621 1,
1071 2550 1190 2629 ἰδαίησιν
1210 2552 1244 2609 Μ
1259 2560 1286 2625 2,

156 2641 261 2720 λδέησιν
282 2645 322 2718 Q,
341 2639 536 2702 ἐπεντύνασθε
555 2644 587 2701 Μ
602 2651 628 2716 1,
649 2645 696 2702 cui
716 2642 892 2702 divellenda
910 2647 1117 2718 suprascripsit
1130 2646 1162 2703 M
1177 2654 1213 2717 2.,
1235 2643 1282 2704 ἐπ’

156 2735 314 2796 ἀντέλεσθε
334 2737 439 2810 LNR,
464 2735 689 2796 ἐπαντέλλεσθαι
706 2739 759 2812 W,
784 2737 992 2798 ἐπαντέλεοθαι
1019 2745 1067 2811 (ex
1087 2736 1132 2798 ἐπ’
1157 2738 1231 2811 ἀντ.)
1254 2741 1286 2813 G,

155 2828 349 2890 ἐπαντέλεσθε
375 2834 412 2904 Q.
443 2829 653 2891 ἐπαντέλλεσθε
678 2834 740 2891 rell.
763 2833 834 2892 dett.
862 2840 892 2892 et
916 2833 981 2892 edd.
1008 2840 1076 2892 ante
1101 2834 1210 2906 Bakh,
1236 2837 1286 2906 qui

154 2925 327 2986 Mutinensis
354 2928 478 2998 vestigia
502 2942 636 2999 premens
663 2923 855 2985 ἐπεντύνεσθε
875 2942 892 2985 a
911 2928 1031 3000 reliquis
1059 2928 1219 2988 editoribus
1240 2944 1286 2987 re-

155 3025 271 3094 ceptum
291 3020 383 3080 edidit
403 3022 509 3081 collato
529 3020 707 3081 Callimacho
732 3022 760 3079 h.
782 3023 811 3078 in
832 3023 920 3094 Aps
947 3020 976 3078 oi
994 3020 1028 3079 δὲ
1049 3019 1107 3079 νέοι
1123 3020 1231 3099 μολπήν
1252 3041 1286 3078 τε

157 3112 206 3170 καλ
224 3111 263 3180 ἐς
279 3113 391 3193 χορὸν
411 3106 610 3173 ἐντύνεσθε
630 3121 661 3173 ct
677 3115 798 3173 Moscho
812 3114 883 3172 Eur.
895 3123 932 3174 30
953 3119 1035 3192 τῇσιν
1054 3115 1099 3172 ἀεὶ
1113 3115 1284 3191 συνάθυρεν,

155 3205 202 3266 ύτ’
227 3205 265 3273 ἐς
287 3207 400 3287 χορὸν
425 3205 624 3267 ἐντύναιτο.
666 3208 774 3267 Contra
800 3223 885 3279 quem
911 3207 1022 3267 frustra
1048 3208 1147 3268 Graef.
1168 3228 1196 3282 p.
1212 3217 1283 3269 241:

156 3303 219 3363 sAb
245 3305 419 3363 auctoritate
445 3303 515 3363 Ood.
536 3301 610 3360 Mut.
632 3303 741 3375 pendet
768 3302 907 3362 iudicium
934 3302 971 3360 de
996 3301 1099 3374 verbo,
1126 3302 1203 3374 quod
1224 3312 1284 3362 v.4

152 3397 308 3470 legendum
329 3402 382 3457 est.
420 3396 496 3454 Nam
517 3392 729 3453 ἐπαντέλλεσθε
750 3396 866 3467 poetica
891 3396 1019 3467 imagine
1040 3411 1071 3453 se
1092 3397 1283 3470 commendet,

152 3508 246 3564 neque
268 3489 371 3548 dubius
387 3495 431 3549 ost
450 3506 519 3548 usus
533 3489 622 3548 medii
642 3487 784 3564 τέλλομαι,
806 3491 888 3548 Arat.
909 3488 961 3548 Ph.
977 3496 1042 3548 285.
1065 3497 1145 3560 382.;
1166 3486 1283 3547 ἐπεντύ-

153 3584 242 3646 νεοθε
267 3601 290 3643 s.
310 3579 503 3641 ἐπεντύνασθε
529 3583 598 3643 Ood.
620 3590 728 3642 tuetur.
766 3583 935 3643 Callimachi
968 3584 1068 3642 similis
1099 3586 1180 3644 locus
1207 3586 1282 3646 nihil

157 3680 271 3739 evincit.
304 3677 401 3736 Multa
422 3678 497 3736 enim
518 3695 536 3737 a
555 3680 652 3736 multis
667 3678 800 3737 similiter
823 3679 881 3736 dici
900 3684 1066 3750 potuerunt,
1087 3685 1119 3737 ut
1138 3675 1173 3743 ἐς
1189 3677 1284 3756 χορὸν

153 3770 313 3849 ὀτρύνεσθε
332 3790 358 3831 v.
373 3780 429 3831 415
445 3788 462 3831 a
476 3773 676 3847 Tryphiodoro
691 3773 827 3832 dictum«.
859 3773 941 3831 Haec
955 3772 1097 3845 Graefius,
1119 3775 1169 3845 qui
1183 3792 1211 3847 p.
1225 3781 1283 3834 242

153 3867 456 3928 αύύίύι·ιΙ)ἰθίοοΙύοε
476 3874 602 3940 augetur
621 3869 693 3926 mire
714 3867 873 3927 coniunctis
893 3883 971 3926 voco.
990 3867 1086 3945 χορός
1106 3874 1136 3926 et
1153 3870 1283 3945 χορεῖαι,

155 3977 296 4034 quaeres
317 3963 401 4020 simul
421 3962 459 4021 ad
480 3961 599 4021 verbum
624 3961 857 4020 constituendum
881 3959 961 4019 iacit.
1002 3961 1087 4020 Prius
1108 3962 1145 4020 de
1166 3964 1283 4021 salta-

153 4056 266 4128 tione,
287 4056 410 4114 alterum
431 4055 467 4114 de
489 4055 713 4115 carminibus
739 4056 872 4128 argutius
892 4072 978 4129 quam
998 4058 1095 4117 verius
1116 4056 1283 4131 accipiebat
