2880 4606
622 315 833 378 ...85-

164 508 200 562 ut
219 501 369 561 adiectum
389 504 523 558 constans
543 500 666 559 Phthiae
687 500 844 573 epitheton,
862 498 1046 576 βωτιάνειρα,
1067 508 1216 561 monstrat.
1235 501 1287 576 βο·

164 593 294 671 τιάνειρα
308 592 519 665 ALNQRSV
531 599 560 650 et
569 613 595 664 α,
612 593 661 664 qui
671 608 744 652 corr.
755 594 785 650 in
798 607 899 664 marg,
912 589 1078 670 βατιάνειρα
1092 594 1193 654 (lanta
1203 611 1284 665 corn,

161 685 346 764 βοοτιαὶνεφα
363 686 623 756 voluitPerdrier.;
637 707 685 742 και
702 681 858 762 εοροᾶγοιο
872 687 913 744 Μ.
933 720 970 729 -
988 688 1033 746 De
1045 704 1097 747 vv.
1112 687 1284 749 222-230

163 785 287 858 μαίνοιτο
301 784 463 855 scripturae
477 781 675 839 diversitatem
688 796 855 853 proponam.
876 797 928 841 vv.
944 779 1111 842 cal-aab
1132 783 1201 843 olim
1221 789 1286 856 post

163 929 190 970 v.
206 918 262 971 230
276 910 462 983 legebantur,
476 907 655 980 transposuit
664 907 830 966 Schneider.
841 939 879 950 -
891 905 952 967 221
964 907 1045 986 λιχδς
1059 910 1096 981 Q3
1111 872 1231 985 γαλήνης
1243 911 1284 981 Ν;

163 1070 200 1079 -
215 1035 283 1108 222
303 1035 398 1112 δηρῶν
411 1036 453 1108 Μ,
467 998 561 1112 δηρδνν
574 1034 646 1106 NR3
666 1052 867 1110 ερεσσομενων
880 1036 921 1107 Μ,
936 1031 1132 1112 ἐρεσσομένης
1144 1036 1179 1110 L,
1198 1037 1283 1110 unde,

162 1147 229 1189 cum
248 1136 310 1189 tres
330 1130 372 1189 illi
398 1130 526 1201 genetivi
547 1125 675 1205 γαλήνης,
695 1123 904 1204 ἐρεσσομένων,
925 1127 1055 1204 ἐρετμῶν
1071 1129 1210 1202 explicari
1228 1146 1284 1189 non

160 1241 249 1299 posse
272 1225 440 1292 crediderit,
459 1223 573 1294 recepit
587 1221 688 1291 Iulian,
710 1222 759 1292 qui
777 1227 933 1294 praeterea
952 1218 1071 1299 γαλήνην
1090 1239 1144 1294 pro
1164 1219 1285 1299 γαλήνης

160 1318 295 1378 coniecit.
329 1317 426 1377 Etiam
447 1313 578 1376 Graefius
598 1334 627 1388 p.
644 1322 712 1373 251:
735 1319 804 1373 »aut
823 1315 990 1387 recipienda
1009 1315 1096 1373 lectio
1111 1314 1180 1374 (lod.
1195 1315 1282 1373 Laur.

161 1405 285 1488 γαλήνης
298 1407 384 1486 δηρὸν
397 1404 601 1485 ἐρεσσομένης,
621 1412 672 1465 aut
685 1406 762 1477 quod
776 1407 938 1466 concinnius
958 1408 1081 1480 videtur,
1102 1407 1283 1466 scribendum

162 1501 297 1581 γαληνὸς
317 1534 354 1545 -
375 1499 481 1566 δοῦπος
494 1497 624 1577 ἐρετμῶν
645 1500 681 1557 de
700 1500 900 1571 tranquilla
918 1501 947 1557 in
963 1499 1050 1559 fluvio
1069 1501 1280 1573 navigationem

163 1599 290 1671 Vulgata
314 1593 516 1672 ἐρεσσομένων
536 1599 650 1652 retento
670 1594 743 1652 bene
768 1595 856 1652 vertit
875 1593 982 1652 Lehrs:
1013 1611 1129 1665 »neque
1149 1594 1282 1665 aequoris

161 1690 338 1763 dinavigatis
359 1689 533 1748 audiebatur
552 1688 663 1746 sonitus
686 1688 802 1745 remis«.
824 1720 858 1729 -
880 1683 1002 1763 ήκαόετο
1021 1687 1063 1758 Μ,
1083 1683 1222 1744 οὐκοόετο
1242 1687 1282 1758 Q3

160 1780 286 1860 ἐριτμῶν
306 1784 347 1856 R,
368 1779 462 1858 ἐτμῶν
482 1781 534 1853 W3
555 1813 591 1823 -
614 1778 680 1839 224
700 1801 750 1836 και
767 1778 879 1857 χδόνος
897 1780 931 1837 Μ
938 1800 945 1852 ;
970 1778 1147 1837 εοκόλποισιν
1167 1780 1213 1851 Μ,
1238 1774 1282 1836 εό-

161 1875 307 1934 κόλποισιν
326 1876 482 1947 ALNQR
502 1882 531 1935 et
550 1881 583 1934 ut
602 1875 659 1932 vid.
673 1876 706 1947 Ρ,
725 1872 887 1932 εὐκόλποισι
901 1874 931 1946 0,
952 1870 983 1931 ἐν
1003 1871 1148 1931 κόλποισιν
1168 1873 1232 1934 SW
1251 1879 1282 1934 et

161 2004 227 2063 edd.
251 2010 318 2063 ante
338 2003 480 2074 Bekker.;
500 1998 660 2078 ἐπιήονεσσι
681 2003 720 2074 Q,
740 1998 785 2058 ἐπὶ
804 1998 920 2078 ήόνεσσι
938 2001 980 2071 Α;
999 1963 1107 2078 ήῖόνεσόίΙ
1125 2002 1161 2074 0;
1179 2001 1281 2077 βαλαν-

160 2115 211 2163 τες
223 2098 265 2171 Μ,
276 2094 435 2173 βαλλόντες
449 2098 482 2169 Q.
497 2130 532 2138 —
547 2097 666 2169 Lennep
679 2112 760 2153 soum
770 2096 817 2154 hic
827 2095 941 2152 demum
954 2094 1038 2153 Paris
1052 2094 1166 2153 dicatur
1178 2113 1279 2155 navem

160 2206 324 2264 egressus«,
342 2193 466 2249 miratus
487 2196 541 2262 est,
568 2190 635 2261 »qui
655 2186 716 2247 fieri
737 2187 833 2261 potuit
852 2193 884 2245 ut
904 2203 1001 2247 omnes
1021 2188 1086 2246 illas
1106 2188 1193 2246 urbes
1214 2205 1278 2248 con-

155 2285 318 2358 templatus
338 2283 427 2342 inerit
447 2289 477 2341 et
496 2284 577 2341 iuxta
596 2283 661 2340 illas
686 2283 744 2340 iter
766 2280 895 2340 fecerit«
937 2283 1033 2353 Quare
1052 2282 1122 2340 licet
1140 2282 1279 2356 singulari

162 2375 289 2434 Oolluthi
309 2376 423 2434 inscitia
444 2375 582 2447 explicari
600 2376 673 2434 haec
692 2391 777 2447 posse
795 2379 876 2433 ratus
896 2374 943 2448 sit,
963 2380 1061 2434 tamen
1080 2379 1174 2434 motus
1194 2392 1279 2448 prae·

158 2468 260 2526 sertim
282 2465 330 2524 καί
349 2469 494 2541 particula
514 2470 608 2527 locum
623 2469 716 2527 minus
730 2468 908 2528 commodum
922 2469 1070 2529 obtinente
1083 2486 1127 2525 vv.
1143 2475 1207 2527 224.
1223 2477 1277 2530 225

158 2566 226 2635 post
250 2578 276 2620 v.
298 2569 354 2621 212
373 2561 534 2620 reiciendas
555 2576 619 2619 esse
638 2561 761 2633 putavit,
785 2559 893 2618 addens
913 2564 1024 2618 tamem
1052 2561 1162 2618 »videri
1180 2569 1280 2634 posset

157 2654 227 2712 huic
246 2656 429 2714 coniecturae
449 2655 565 2714 obstare
590 2653 667 2726 quod
693 2672 718 2713 v.
741 2661 796 2712 222
818 2660 848 2711 et
868 2661 922 2712 223
947 2654 1055 2726 legitur
1078 2649 1160 2711 οὕτω
1181 2653 1278 2713 κεῖθεν
1364 2691 1368 2699 -

158 2740 209 2824 ἔην
230 2745 348 2827 δολιχὸς
366 2747 463 2821 πλόος,
483 2745 552 2806 οὐδὲ
572 2745 692 2827 γαλήνης
705 2745 797 2826 Δηρδν
810 2743 1012 2823 ἐρεσσομένων
1031 2743 1154 2825 ήκοόετο
1174 2746 1278 2814 δοῦπος
1389 2809 1393 2815 ,

160 2837 300 2917 ἐρετμῶν,
322 2842 371 2900 ubi
393 2841 547 2901 manifesta
567 2843 661 2901 adhuc
680 2841 871 2914 navigationis
891 2840 1007 2899 mentio.
1038 2841 1145 2898 Verum
1164 2843 1214 2912 qni
1233 2858 1277 2900 se-

84 2991 88 2995 .
158 2935 279 3004 quentia
300 2937 491 3005 consuluerit,
510 2935 595 2994 facile
616 2937 736 3008 sentiet,
756 2935 829 2993 haec
848 2951 917 3003 non,
941 2935 997 2992 nisi
1017 2939 1049 2993 ut
1068 2934 1220 2993 transitum
1239 2936 1278 2994 ad

156 3026 211 3085 illa
236 3024 361 3101 faceret,
386 3030 538 3103 inservire,
563 3035 593 3088 et
612 3031 654 3088 sic
674 3029 800 3102 eleganti
821 3029 1002 3102 oppositione
1022 3029 1115 3088 oratio
1136 3028 1278 3102 dirigetur

137 3170 140 3175 .
158 3120 196 3178 cd
214 3120 359 3196 Paridem,
374 3125 422 3195 qui
436 3125 493 3182 iam
507 3123 667 3196 cupiditate
678 3122 807 3180 Helenae
821 3122 964 3180 videndae
979 3121 1101 3180 ardebat
1115 3126 1146 3179 et
1154 3123 1278 3181 maxima

156 3211 358 3288 festinatione,
383 3221 416 3275 ut
441 3217 604 3276 amantibus
624 3217 780 3289 proprium,
801 3215 839 3272 ad
865 3231 928 3273 eam
952 3216 1155 3288 properabat«
1196 3217 1277 3287 Quae

156 3306 252 3364 omnia
272 3307 479 3367 absurdissima
506 3326 571 3368 esse
596 3310 734 3369 iudicavit
755 3307 886 3368 Graefius
912 3327 940 3382 p.
962 3316 1031 3382 251,
1056 3317 1087 3369 et
1106 3311 1277 3383 improbavit

157 3431 245 3489 etiam
265 3432 423 3493 Schneider
448 3454 476 3509 p.
497 3444 563 3496 418.
584 3470 621 3481 -
643 3435 707 3497 225
732 3432 838 3494 ἔλυσαν
857 3438 904 3506 Μ,
925 3399 1034 3494 ἐδόσαν
1054 3439 1106 3510 W,
1130 3437 1211 3502 όσοις
1228 3438 1276 3507 Μ;

156 3523 227 3592 ἁλὸς
237 3527 270 3585 Μ
285 3531 315 3584 et
328 3527 394 3587 edd.
409 3530 477 3588 inde
491 3548 508 3589 a
520 3530 664 3602 Behkero,
679 3528 748 3596 ναὸς
761 3531 843 3590 codd.
858 3532 930 3589 dett.
944 3537 974 3589 et
986 3532 1049 3589 rell.
1064 3531 1138 3603 edd,
1152 3548 1205 3604 pro
1219 3547 1275 3602 quo

156 3619 222 3686 νεδς
242 3623 479 3682 commendabant
498 3623 626 3698 Lennep,
648 3631 686 3698 et,
710 3626 760 3697 qui
779 3626 867 3684 etiam
886 3626 917 3681 in
936 3621 1007 3688 ἁλὸς
1026 3622 1135 3696 incidit,
1155 3623 1274 3683 Dorvill.

154 3714 331 3795 -μεμήλει
351 3733 387 3776 ex
405 3718 439 3776 Μ
457 3720 555 3791 recepi
575 3723 734 3792 praeeunte
754 3721 841 3778 etiam
860 3719 1020 3779 Toumerio
1039 3736 1068 3790 p.
1089 3725 1135 3790 30,
1156 3722 1186 3776 et
1209 3734 1276 3791 pro·

154 3807 242 3868 bante
261 3809 437 3871 Schneidero
456 3829 524 3871 rac.
544 3831 573 3886 p.
590 3819 653 3871 194.
672 3811 795 3891 μέμηλεν
814 3814 878 3872 rell.
892 3813 975 3872 codd.
990 3817 1020 3871 et
1036 3812 1101 3871 edd.
1116 3828 1222 3872 omnes.
1236 3843 1274 3854 -

154 3899 221 3961 226
236 3903 321 3963 ενδεν
332 3906 377 3979 Μ,
392 3903 429 3983 do
444 3908 509 3982 (sic)
524 3904 695 3986 ἐρχομένοιο
709 3909 782 3968 οοοί.
794 3907 960 3979 Schneider,
975 3903 1180 3986 ἀνερχομένοιο
1191 3905 1273 3966 codd.

152 4003 184 4056 et
203 3999 269 4058 edd.
295 4017 408 4073 amaea,
433 4002 488 4060 nisi
514 4002 592 4073 quod
616 4019 819 4078 ανερχομενοιο
839 4000 885 4071 Μ;
909 4018 1101 4076 παρειαμενας
1118 4000 1165 4073 Μ,
1185 3997 1274 4073 elepa-
