2880 4606
568 329 780 390 -ῃ-

110 529 199 582 corr.;
231 509 323 588 κακήν
348 533 375 568 π.
398 511 532 590 γενέθλην
556 515 619 573 rell.
645 515 727 574 codd.
753 549 788 557 -
814 517 894 575 Nihil
920 519 975 576 hoc
999 535 1084 576 versu
1108 519 1236 591 putidius

110 605 179 678 fingi
201 623 285 679 posse
304 607 451 665 Hermann
471 608 646 666 contendens
666 626 694 681 p.
711 616 746 669 16
767 608 920 687 φοιταλέην
940 609 1074 686 πολέμοιο
1095 631 1237 668 κακοπτο-

117 698 213 775 λέροιο
235 698 370 777 γενέθλην
391 702 478 759 scribi
497 702 590 772 iussit,
611 702 687 773 quod
708 709 805 761 tamen
825 719 881 762 non
894 705 1006 777 recepit
1019 704 1122 777 Lchrs,
1142 720 1236 777 neque

110 793 269 852 Schneider
293 795 439 867 probavit,
472 796 520 866 qui
544 796 617 853 hacc
642 813 670 868 p.
689 797 754 854 437.
781 803 852 856 4394
884 797 955 856 »sed
980 798 1082 856 vellem
1113 798 1236 857 dixisset

115 888 280 962 [Hermann]
303 889 331 945 in
352 890 395 947 his
417 889 486 959 quid
506 882 640 965 γεὺέθλην
666 887 850 960 significaret.
881 907 947 948 nom
968 892 993 948 si
1013 892 1237 963 genetricem

111 983 172 1039 sive
193 989 310 1041 ortum
332 999 519 1041 causamve
539 981 701 1055 significare
722 983 825 1054 voluit,
852 988 884 1040 ut
904 982 1019 1040 videtur
1044 983 1168 1042 voluisse
1189 1000 1237 1041 vo·

112 1075 286 1148 lueruntque
309 1076 435 1135 Oolluthi
460 1077 687 1148 interpreteset
707 1076 874 1148 Spitznerus
894 1076 1015 1134 Excurs.
1031 1076 1073 1134 IX
1093 1075 1130 1133 ad
1151 1075 1234 1133 Iliad.
1312 1062 1315 1067 ’

108 1185 138 1240 p.
152 1169 232 1238 XIV,
255 1186 318 1228 earn
338 1171 404 1228 huic
423 1171 487 1230 voci
508 1168 745 1243 significationem
760 1170 902 1241 attribuit,
924 1186 998 1241 quac
1013 1175 1043 1227 et
1057 1170 1093 1227 ab
1108 1170 1233 1240 reliquo-

110 1279 173 1321 rum
194 1281 248 1321 usu
268 1270 419 1338 poetarum
440 1263 502 1335 (cfr.
524 1264 612 1337 Spita.
627 1264 646 1320 1.
661 1265 692 1334 1.)
714 1269 744 1321 94
764 1279 831 1321 vero
846 1279 864 1320 a
879 1262 1005 1321 Colluthi
1026 1262 1233 1337 consuetudine

109 1358 196 1430 plane
223 1359 391 1419 abhorreat:
418 1358 453 1417 91.
474 1377 498 1416 v.
516 1365 541 1416 1.
563 1365 608 1417 29.
630 1365 694 1416 259.
716 1364 780 1416 268.
803 1363 867 1414 281.
895 1362 959 1413 299.
987 1362 1051 1413 353.
1079 1360 1144 1414 381.
1176 1354 1237 1411 vul-

111 1469 210 1525 garem
231 1461 328 1512 autem
348 1469 458 1524 usuque
479 1454 578 1510 tritum
599 1450 844 1523 significationem,
866 1465 952 1520 quum
972 1449 1018 1506 hio
1032 1449 1108 1506 tueri
1129 1465 1235 1521 neque-

112 1563 203 1618 amus,
223 1548 297 1605 hanc
311 1547 407 1618 potius
422 1562 528 1616 vocem,
550 1561 634 1616 quam
649 1560 720 1615 quas
734 1544 915 1601 Hermannus
930 1543 1055 1600 correxit
1069 1548 1236 1615 corruptam

112 1639 286 1713 putabimus.
318 1656 352 1696 ac
372 1640 446 1697 viam
467 1645 608 1698 monstrat
628 1637 799 1697 emendandi
819 1638 882 1712 ipse
904 1635 1067 1709 Colluthus‚
1088 1636 1137 1706 qui
1158 1653 1182 1695 v.
1199 1643 1234 1696 62

112 1734 217 1790 malurn
239 1734 316 1793 istud
342 1735 471 1806 appellat
492 1732 589 1808 μόθου
613 1732 818 1811 πρωτόσπορον
845 1731 945 1812 ἀργήν.
976 1730 1236 1809 999194φυταλίη

110 1828 213 1886 alludit
233 1828 270 1886 ad
290 1828 495 1905 πρωτόσπορον
516 1828 601 1901 illud,
622 1830 664 1887 ita
685 1847 737 1902 pro
759 1827 880 1907 γενέθλη
901 1834 1086 1903 expectamus
1108 1828 1234 1899 aliquam

111 1940 209 1983 vocam
231 1940 306 1996 quae
327 1922 417 2002 ἀργήν
439 1923 590 1997 significet.
623 1940 686 1982 eam
707 1930 803 1982 autem
824 1925 893 1980 mihi
908 1923 1022 1995 quidem
1038 1920 1236 1995 suppeditavit

109 2019 227 2077 Nonnus
254 2018 338 2075 Dion.
359 2027 410 2091 29,
437 2027 492 2078 324
518 2016 677 2093 ι’νὸσφόνοιο
708 2015 870 2092 θεμείλια
901 2016 1101 2094 δηιοτῆτος.
1129 2015 1167 2072 id.
1188 2021 1235 2086 40,

111 2119 166 2170 254
187 2107 349 2188 ἑπταέτηρα
371 2111 533 2184 θεμείλια
553 2110 742 2186 δηιοτῆτος
762 2117 792 2166 94
812 2117 863 2180 43,
884 2117 901 2167 3
921 2107 1092 2185 πολέμοιο
1113 2105 1237 2184 depel-

111 2205 167 2262 λιιι
186 2205 271 2283 πήξεν
288 2201 384 2262 Ἐνυώ.
416 2221 500 2277 quem
522 2213 636 2263 secutus
657 2204 734 2262 haud
754 2209 923 2261 cunctanter
936 2203 1077 2261 rescribo:
1098 2197 1235 2277 φυταλιὴν

109 2297 252 2375 πολέμοιο,
276 2300 388 2355 κακοῦ
404 2297 538 2375 πολέμοιο
555 2296 748 2375 θέμεθλον,
769 2298 814 2355 991
829 2298 924 2355 versui
939 2297 962 2354 si
977 2295 1046 2367 quid
1060 2294 1236 2352 iudicabitur

113 2395 209 2450 inesse
230 2393 333 2464 putidi,
355 2393 536 2452 iudicandum
558 2401 603 2451 est
623 2395 711 2451 etiam
731 2394 826 2450 inesse
846 2392 903 2449 illis
916 2389 1012 2466 μόθον
1027 2387 1233 2466 πρωτόσπορον

110 2483 201 2562 ἀργήν
223 2487 344 2559 aliisque
365 2489 504 2560 plurimis,
525 2489 554 2545 in
575 2488 678 2559 quibus
696 2488 806 2560 placuit
820 2487 875 2545 sibi
889 2487 1036 2543 luxurians
1050 2483 1145 2542 Nonni
1160 2483 1235 2540 eius·

110 2595 166 2650 quc
201 2582 375 2639 asseclarum
410 2583 563 2653 ingenium.
605 2587 733 2640 ceterum
761 2581 786 2638 si
816 2581 879 2651 quis
909 2585 1060 2652 praestare
1089 2578 1236 2651 putaverit

113 2670 250 2750 φυταλιήν
264 2667 398 2750 πολέμοιο
414 2674 539 2751 κακήν,
560 2673 695 2751 πολέμοιο
715 2671 906 2750 θέμεθλυν,
927 2676 952 2730 19
967 2671 1165 2730 admonendus
1180 2673 1236 2730 erit

111 2768 205 2839 legem
227 2785 290 2826 esse
311 2769 485 2828 rhetoricam
506 2775 537 2827 ut
551 2770 657 2828 iterato
672 2770 776 2827 nomini
787 2768 991 2840 'praedicatum
1006 2767 1158 2838 adiciatur,
1179 2781 1235 2837 quo

113 2878 164 2918 cur
184 2862 307 2920 iteretur
327 2869 469 2934 appareat
490 2863 656 2932 (Hermann.
679 2862 716 2920 ad
730 2863 839 2920 Mosoh
846 2880 882 3012 a.p
899 2866 965 2933 50)o
989 2860 1156 2919 Schneideri
1171 2877 1236 2918 con·

113 2956 260 3028 iecturam,
282 2963 314 3013 ut
333 2973 388 3029 par
409 2960 481 3023 erat,
502 2959 659 3029 recepi-
680 2954 739 3075 1σ70
760 2955 843 3033 δεμη
846 2955 893 3012 λον
908 2974 1018 3034 εγουπα
1031 2972 1117 3031 τοσην
1131 2970 1235 3010 ανενει-

112 3083 245 3154 κατ9Μ;
267 3081 372 3160 τόσσην
393 3083 540 3142 AOLNP
561 3084 795 3162 11994999,
817 3083 903 3162 τόσην
924 3083 1069 3154 94194119,
1091 3082 1143 3140 9941
1163 3097 1237 3139 dex

114 3184 280 3236 correctura
300 3180 345 3234 994
366 3177 566 3248 aglossatore
586 3176 957 3254 99919949-ἀνενήκατο
976 3176 1235 3250 999499999-

111 3267 200 3329 171'
186 3290 239 3345 ηρη
266 3276 516 3345 κερτορεουσαθ4
536 3272 713 3346 αντιάνειραν
733 3272 840 3344 Μ;-
869 3271 927 3331 172
949 3269 1048 3339 ειξατέ
1065 3272 1112 3343 Μ,
1138 3267 1235 3336 εόξατο

110 3369 177 3423 aute
203 3381 274 3423 corr.
298 3363 334 3435 Ο,
361 3362 458 3431 ειξατε
478 3365 518 3436 9;
544 3365 598 3421 καί
617 3383 670 3438 pro
693 3386 742 3441 μοι
761 3366 801 3437 V3
827 3366 960 3440 πολεροιο
986 3365 1030 3436 Μ,
1058 3361 1175 3438 πολέμοι
1195 3363 1235 3434 V3

110 3456 252 3534 συνήθεας
272 3458 312 3527 Μ,
335 3456 475 3534 συνήθεες
495 3459 576 3518 codd.
599 3460 670 3518 dett.
693 3467 723 3518 94
744 3459 810 3518 edd.
831 3476 938 3532 omneS,
960 3461 1007 3518 vix
1026 3464 1114 3517 recte.
1154 3454 1235 3514 πολέ-

107 3572 173 3624 μοιο
189 3549 329 3629 συνήθεες
343 3553 515 3625 aptioribus
530 3554 736 3626 interpretibus
752 3554 858 3611 bellis
874 3550 1113 3611 adsuefactac
1127 3550 1236 3622 [bello

109 3643 346 3703 adsuefactae.
364 3647 450 3704 ctiam
470 3646 584 3720 Lehrs]
604 3664 716 3705 versum
738 3664 804 3706 esse
823 3648 1000 3720 vituperavit
1013 3647 1105 3704 Iulien
1124 3653 1234 3722 p.103‚

109 3753 173 3794 cum
193 3738 240 3795 vix
260 3744 339 3795 recte
360 3739 444 3796 bellis
465 3739 635 3798 adsuefacta
654 3742 751 3799 vocari
771 3743 864 3813 possit
883 3741 968 3813 Iuno,
990 3756 1065 3812 quac
1085 3738 1169 3798 modo
1193 3739 1236 3797 ita

110 3847 209 3889 amare
229 3833 258 3888 in
279 3833 386 3890 bellum
408 3839 437 3891 et
457 3834 613 3893 bellatores
635 3836 749 3893 invecta
770 3841 840 3893 erat.
874 3834 932 3892 Sed
952 3833 1028 3905 quod
1049 3834 1141 3891 Iulien
1162 3833 1235 3892 alios

113 3932 230 3983 secutus
251 3923 374 4002 πόλεμον
394 3927 448 3985 999
468 3929 531 3988 1999
551 3929 639 3986 trium
660 3928 779 3987 dearum
800 3933 946 3986 certamen
961 3925 1123 4000 significare
1136 3926 1236 3996 voluit,

109 4019 155 4075 vel
176 4016 315 4095 συνήθεες
334 4020 465 4078 99991949
487 4024 556 4094 poni
581 4029 611 4080 94
637 4022 770 4098 πολέμοιο
796 4038 888 4093 99999
915 4038 950 4079 99
975 4019 1054 4099 νίκης
1078 4023 1116 4080 ad
1140 4017 1236 4089 εἴξατε
