2880 4606
678 336 888 396 -74...

227 521 350 592 videtur,
371 521 439 592 quin
459 520 502 578 ita
521 537 571 578 sen
573 519 682 578 tentiae
703 520 890 577 cohaereant:
917 515 963 574 υιά
984 513 1158 590 κυδιάεις,
1140 537 1184 574 οτι
1203 536 1240 574 σε
1260 514 1349 610 γάμος

227 610 281 669 οὐκ
307 607 451 688 ἔσπειρεν,
478 618 509 671 ut
533 619 584 685 pat
573 612 646 671 tebit
672 610 830 670 conferenti
849 610 944 669 Nonni
970 611 1076 681 locum,
1104 611 1152 682 qui
1178 593 1347 669 obversatus

227 699 1045 779 0011111111]ωο11111111110111.8,84εἷξον,Ἀίλη’νη,
1067 701 1348 779 ληγεΔιδςβυυωσα

230 795 386 877 helmaest
365 819 472 874 αντυηα
486 797 597 876 κόρσης
610 799 690 855 κ.τ.λ.
706 842 712 854 .
728 839 735 854 .
751 845 756 857 .
774 840 780 852 .
801 799 859 854 iam
873 802 1032 868 sequuntur
1044 797 1125 868 haec,
1146 813 1172 853 v.
1188 803 1348 854 184-189.

225 908 304 963 quae
324 908 410 964 quum
431 894 544 965 etipsa
565 893 600 950 ab
622 890 667 947 υιά
688 889 722 947 δέ
740 891 888 963 incipiant,
909 890 954 947 vel
974 889 1029 947 hac
1042 906 1095 947 sua
1113 887 1205 948 forma
1224 890 1350 962 produnt

226 991 342 1057 poetam
363 986 513 1044 affectasse
534 987 658 1058 aliquam
678 986 762 1043 huius
782 985 836 1042 loci
859 1000 921 1041 cum
943 982 1124 1066 antecedenti
1144 984 1174 1040 in
1198 983 1349 1042 nectendis

228 1080 378 1136 sententiis
400 1079 622 1136 similitudinem.
654 1078 776 1150 primum
797 1079 886 1149 igitur
905 1077 1003 1135 Venus
1030 1077 1176 1148 singulare
1195 1077 1346 1135 Minervae

177 1168 182 1177 '
229 1172 355 1229 studium
377 1172 505 1243 denotat,
526 1189 581 1244 quo
602 1172 639 1230 ad
660 1173 766 1230 bellum
786 1172 932 1229 incumbat
952 1171 988 1228 ab
1010 1186 1107 1228 amore
1120 1170 1226 1227 aliena.
1258 1186 1351 1242 neque

230 1265 303 1322 enim
325 1282 423 1323 verum
444 1272 488 1324 est
509 1266 584 1337 quod
605 1266 785 1323 Hermannus
804 1265 889 1336 dicit,
915 1266 957 1321 ita
977 1265 1049 1322 haec
1073 1263 1263 1335 intelligenda
1285 1281 1349 1322 esse

229 1374 263 1415 ac
279 1359 303 1415 si
318 1358 439 1417 dixisset
453 1359 615 1418 colluthus:
643 1357 688 1415 οἷα
709 1356 743 1415 δὲ
758 1357 892 1430 κυδιάεις,
913 1355 956 1414 ὅτι
967 1356 1091 1435 χαλκοῖς
1105 1354 1203 1421 ὅπλοις
1216 1354 1353 1436 καλύπτη,

225 1467 282 1521 quo
303 1467 438 1510 concesso
460 1467 530 1508 sane
550 1450 626 1508 haud
642 1457 710 1523 apte
725 1451 917 1508 adnectuntur
930 1451 993 1508 illa:
1021 1448 1068 1505 καὶ
1081 1444 1198 1525 φεύγεις
1212 1448 1354 1527 φιλότητα

225 1542 274 1600 καὶ
286 1537 387 1619 >Άρεος
407 1539 479 1619 ἔργα
493 1542 617 1608 διώκεις.
648 1545 733 1603 immo
748 1545 802 1602 hoc
816 1545 908 1616 ipsum
924 1544 993 1601 illud
1009 1550 1061 1612 est,
1084 1543 1160 1615 quod
1174 1545 1204 1601 in
1219 1545 1354 1603 Minerva

227 1637 349 1694 miratur
368 1638 480 1708 Venus,
505 1636 606 1710 fugere
634 1654 695 1695 eam
721 1654 847 1696 amorem
873 1644 902 1695 et
928 1638 1006 1695 bella
1031 1638 1176 1695 affectare.
1218 1639 1277 1696 iam
1298 1639 1355 1696 hoc

227 1746 341 1800 quoque
362 1731 512 1788 Minervae
533 1732 658 1788 studium
679 1732 775 1788 Venus
795 1731 947 1802 reprobat,
975 1737 1008 1788 ut
1027 1733 1056 1787 in
1077 1731 1164 1789 simili
1188 1749 1221 1789 re
1242 1731 1358 1790 fecerat

224 1839 251 1878 v.
268 1829 331 1894 181,
352 1824 401 1881 ubi
422 1839 507 1893 quum
529 1824 712 1882 adversativa
732 1825 874 1897 particula
896 1841 948 1882 usa
963 1834 1048 1896 esset,
1070 1825 1191 1882 eandem
1206 1831 1291 1896 patet
1303 1825 1355 1882 hio

227 1932 341 1987 quoque
362 1919 471 1988 requiri
493 1917 730 1988 scribendumque
751 1935 815 1976 esse
836 1937 860 1974 v.
878 1926 931 1977 186
953 1916 1114 1993 ἀγνώσσεις
1135 1915 1162 1973 δ’
1182 1916 1227 1974 ὅτι
1243 1919 1357 1992 μᾶλλον

229 2008 310 2065 κτλ.
324 2011 366 2066 ita
381 2011 472 2081 quivis
488 2012 594 2068 sentiet
608 2017 698 2068 totam
712 2012 785 2068 hanc
800 2011 919 2068 Veneris
934 2013 1093 2069 orationem
1109 2012 1181 2069 satis
1195 2011 1357 2072 artificiose

226 2118 289 2159 esse
306 2119 323 2160 a
337 2111 425 2175 poeta
440 2111 623 2176 exstructam,
645 2120 719 2175 quae
733 2104 840 2176 peribit
853 2121 911 2172 ars,
931 2106 980 2161 ubi
994 2120 1057 2161 cum
1072 2106 1237 2164 Hermanno
1253 2124 1278 2163 v.
1296 2115 1353 2166 183

225 2203 293 2253 ante
309 2214 333 2252 v.
352 2200 405 2255 179
421 2199 525 2255 collato
541 2199 754 2270 scripserimus:
777 2195 822 2253 υἷα
836 2194 878 2268 δὲ,
896 2197 1060 2274 χαλκείοισι
1074 2196 1260 2275 καλυψαμένη
1272 2198 1357 2275 χρόα

226 2285 349 2361 πέπλοις,
371 2287 416 2345 υἷα
437 2287 471 2346 σὺ
492 2288 618 2355 κυδιάεις
639 2286 805 2366 ἀνεμώλιος,
823 2284 1005 2367 Ἀτρυτάινηι.
1024 2325 1055 2332 -
1077 2287 1123 2347 υἷα
1144 2293 1356 2367 11111610110,

225 2382 342 2452 quiom.
359 2402 399 2438 τε.
431 2383 478 2441 Sic
499 2385 575 2440 enim
595 2385 831 2456 proScbneideri
852 2385 888 2441 δέ
906 2387 988 2444 codd.
1011 2393 1040 2444 et
1028 2387 1126 2444 tedd
1148 2404 1247 2446 omues
1268 2406 1356 2461 prae·

224 2482 271 2532 ter
291 2475 406 2546 Lehrs,
434 2478 482 2546 qui
503 2492 537 2533 ex
558 2477 715 2534 Hermanni
736 2479 880 2536 sententia
901 2476 935 2535 σὺ
956 2481 1072 2552 scripsit
1112 2479 1279 2557 κυδιάνειρα
1299 2500 1355 2556 pro

228 2560 355 2631 κυδιάεις
374 2553 463 2624 habet
484 2568 544 2640 SV,
571 2567 697 2626 κυδιάνει
717 2570 792 2642 PW,
819 2570 929 2627 καδιάει
954 2589 1017 2629 cum
1045 2573 1109 2630 edd.
1131 2575 1262 2636 omnibus
1285 2582 1356 2633 ante

225 2660 459 2733 LennepiumG3
480 2660 607 2728 κυδιάεις
629 2680 663 2722 ex
684 2666 1062 2724 coniecturaetcodrcrbus
1076 2668 1205 2725 res'tuit
1219 2668 1351 2742 Lennep.

228 2787 260 2794 -
281 2752 335 2812 181
353 2753 493 2830 μεώσατυ
508 2757 547 2828 Ω;
562 2789 599 2798 -
621 2756 679 2815 182
701 2758 811 2835 σιδηρίη
825 2759 1111 2832 MAOLNPQSW
1132 2762 1227 2831 (codd.
1245 2779 1354 2835 omncS,

226 2854 257 2905 ut
280 2848 349 2918 vid.)
370 2849 435 2906 Ald.
456 2849 540 2907 Ubel.
554 2853 609 2920 ιιρς
636 2867 708 2909 corr.
731 2852 830 2924 Steph.
853 2885 887 2892 ,„
911 2851 978 2929 ῥίζα
999 2853 1082 2912 codd.
1105 2861 1134 2912 et
1155 2854 1220 2911 edd.
1242 2873 1353 2925 omnes,

226 2942 256 2998 in
272 2957 327 3011 quo
345 2942 464 3000 offendit
477 2943 533 2999 iam
550 2943 680 3000 Graefius
699 2963 725 3016 p.
743 2948 812 3003 247:
836 2944 979 3022 »σιδηρείη
1000 2944 1071 3022 τυμη
1092 2948 1160 3018 quid
1181 2949 1229 3007 hio
1250 2951 1295 3019 sit,
1318 2968 1353 3009 ex

225 3035 355 3093 Luciano
377 3041 489 3106 notum;
517 3033 585 3111 ῥίζα
605 3035 724 3112 σιδήρου
745 3039 812 3108 quid
834 3038 889 3096 sibi
916 3040 998 3110 velit,
1025 3040 1080 3097 nisi
1105 3040 1166 3098 fere
1192 3042 1270 3101 idem
1297 3052 1351 3115 est,

225 3144 281 3186 non
304 3127 395 3186 video.
436 3129 510 3185 Nam
527 3127 595 3206 ῥίζα
615 3126 731 3205 σιδηρυυ
753 3136 797 3189 εε1
823 3130 955 3208 σιδηρυς,
981 3134 1029 3204 qui
1050 3134 1163 3191 Palladi
1185 3133 1255 3211 ῥίζα
1280 3143 1352 3210 erat,

226 3221 302 3279 unde
333 3222 546 3293 propullulavit.
594 3223 624 3281 Si
650 3230 735 3295 argut
724 3224 843 3282 tandum
868 3224 887 3280 f
913 3227 1031 3298 chalybs
1063 3229 1104 3285 sic
1137 3229 1194 3287 dici
1225 3235 1277 3302 pot
1279 3236 1350 3288 erat.

224 3315 300 3372 Fort
288 3320 367 3372 tasse
394 3316 522 3386 captavit
546 3317 671 3387 aliquam
697 3319 920 3376 concinnitatem
947 3336 1054 3378 cumv.
1078 3329 1127 3379 ant
1130 3339 1170 3380 ec
1198 3329 1228 3380 et
1254 3325 1352 3383 iuthi

226 3424 364 3480 expressa
385 3414 430 3464 est
449 3409 526 3467 notio
547 3411 691 3481 patriset
711 3414 826 3483 matris,
855 3415 896 3471 ita
865 3415 963 3472 thio
988 3415 1044 3474 duo
1070 3418 1180 3488 posuit
1155 3417 1245 3475 tad
1274 3419 1352 3475 idem

227 3500 369 3559 alludens.
400 3499 566 3559 Infeliciter.
597 3505 671 3562 Nam
692 3506 742 3563 illa
764 3514 809 3564 est
829 3506 956 3584 ἀμήτωρ,
979 3508 1085 3569 aferro
1107 3511 1136 3568 iu
1154 3513 1247 3569 lucem
1263 3512 1352 3570 edita.

225 3593 464 3652 Emendationem
485 3595 564 3654 locus
590 3597 704 3655 videtur
730 3615 898 3672 respuere«.
939 3603 1144 3675 Nihilominus,
1163 3606 1220 3676 .qui
1243 3605 1352 3665 Graetii

223 3689 491 3759 interpretationem
511 3706 613 3761 parum
635 3707 690 3762 quo
711 3693 827 3765 placeat
847 3695 955 3752 habere
968 3702 1047 3754 recte
1062 3697 1210 3770 iudicavit,
1233 3699 1354 3759 Schneia

224 3774 276 3840 dar
297 3797 394 3840 vocem
412 3780 480 3858 ῥίζα
500 3791 666 3857 corruptam
687 3802 751 3843 esse
772 3787 845 3845 vidit
864 3805 892 3860 p.
908 3796 972 3846 438.
996 3796 1065 3848 439:
1088 3792 1169 3862 aquis
1191 3793 1266 3850 euim
1285 3801 1355 3866 post

225 3873 369 3952 σιδηρείην
391 3873 476 3952 τομην
497 3894 553 3936 non
574 3885 708 3950 expectet
721 3881 817 3952 potius
832 3881 951 3952 aliquid,
972 3880 1051 3953 quod
1063 3899 1128 3940 oum
1142 3885 1191 3943 illo
1206 3886 1353 3956 quandam

223 3968 333 4026 habeat
354 3969 569 4028 similitudinem
592 3977 621 4030 et
640 3972 735 4044 ipsum
755 3964 930 4045 significans?
941 3975 1066 4047 ahquam
1081 3977 1242 4050 Hephaesti
1261 3978 1355 4041 ferra·

225 4067 321 4121 mento
342 4067 449 4123 utentis
471 4068 609 4139 operam?
641 4067 716 4138 quod
738 4069 763 4125 si
784 4069 847 4140 quis
867 4069 910 4127 ita
929 4070 1090 4129 instituisse
1112 4071 1276 4131 Colluthum
1296 4092 1357 4148 pn-
