2880 4606
624 373 818 437 ..8.-

240 558 355 623 Restat
381 562 418 623 ut
444 556 486 622 de
515 557 694 637 codicibus,
732 578 868 641 quorum
896 558 1056 642 integram
1085 558 1287 625 collationem

154 668 239 735 uotis
267 668 401 747 inserui,
433 688 538 752 pauca
565 688 722 735 moneam.
773 669 855 735 Sunt
881 674 989 734 autern
1014 668 1065 748 hi,
1096 689 1176 751 quos
1204 667 1280 734 solis

157 776 228 842 GR
252 778 394 862 exceptis
417 798 527 845 omnes
547 778 617 862 ipse
639 777 759 844 contuli
782 777 974 863 (ubicunque
987 779 1021 842 in
1035 779 1120 845 notis
1140 777 1286 845 codicum

155 887 253 970 siglas
281 889 371 953 uncis
399 887 613 968 circumdedi,
640 887 681 955 de
708 888 854 956 codicum
882 889 1041 973 scriptura
1063 887 1226 955 collatoris
1248 888 1287 953 si-

155 995 255 1063 lentio
278 1002 406 1064 tantum
428 1000 585 1084 constat):

239 1117 282 1184 Μ
320 1144 404 1190 nunc
431 1124 594 1191 Parisinus
624 1125 730 1209 suppl.
759 1146 808 1210 gr.
830 1126 912 1205 388,
941 1145 963 1190 a
983 1119 1132 1191 Bekkero
1154 1146 1227 1191 oum
1247 1146 1288 1192 ex

126 1304 127 1307 ,
158 1235 257 1303 Italia
278 1235 444 1320 superiore
458 1234 598 1301 Parisios
618 1236 778 1302 adductus
793 1257 863 1301 esse
878 1237 1019 1301 creditus
1033 1237 1077 1301 sit
1098 1237 1287 1303 Mutinensis

155 1345 347 1432 appellatus,
369 1365 391 1410 a
412 1345 553 1411 secunda
568 1346 676 1430 aliqua
697 1367 795 1413 manu
817 1347 865 1430 (M
876 1348 909 1430 2)
933 1347 1075 1411 eiusdem
1097 1349 1134 1411 ut
1155 1346 1284 1413 videtur

157 1478 196 1524 ac
220 1457 373 1523 librarius
396 1456 522 1537 aetatis,
546 1455 737 1540 aliquotiens
759 1460 934 1536 correctus,
958 1456 1077 1522 saeculi
1104 1461 1142 1521 ut
1162 1457 1289 1523 videtur

156 1568 285 1646 decimi,
318 1567 374 1650 qui
403 1572 532 1651 praeter
559 1565 826 1645 Homerocentra,
856 1565 1044 1650 Dionysium
1071 1564 1282 1648 Periegetam,

154 1677 380 1761 Theognidem,
398 1675 489 1756 alios,
505 1675 689 1743 (lollutlrum
704 1696 831 1760 quoque
846 1677 999 1742 continet.
1025 1677 1124 1743 Liber
1146 1677 1287 1743 omnium

156 1785 461 1874 praestantissimus,
486 1787 542 1870 qui
563 1807 677 1852 novem
698 1808 808 1853 versus
829 1787 1014 1853 incaeteris
1037 1786 1199 1853 codicibus
1221 1808 1288 1854 om·

154 1900 249 1966 nibus
271 1899 408 1966 omissos
430 1899 517 1964 solus
539 1898 647 1978 habet,
672 1903 706 1964 et
727 1899 778 1964 cui
800 1899 954 1964 maiorem
976 1899 1075 1963 etiam
1096 1918 1193 1983 quam
1214 1896 1287 1962 reli·

153 2011 307 2096 quiante
328 2029 379 2073 me
401 2008 505 2074 critici
518 2009 744 2075 auctoritatem
766 2007 875 2074 tribui.
913 2006 1041 2074 Primus
1057 2029 1130 2074 eum
1152 2007 1288 2072 contulit

154 2119 282 2188 Bokker
312 2118 603 2203 neglegentissime,
637 2123 706 2183 tum
736 2118 838 2184 multo
867 2118 1050 2203 diligentnn
1079 2124 1112 2184 et
1141 2117 1284 2184 maxima

157 2253 231 2300 eum
254 2229 398 2296 utilitate
419 2228 557 2308 Pressel,
580 2229 669 2294 cuius
685 2229 813 2297 collatio
833 2230 954 2314 publici
974 2230 1052 2295 iuris
1074 2229 1161 2295 facta
1183 2226 1286 2293 estin
1373 2267 1375 2271 -

153 2342 318 2424 Philologo
349 2340 427 2422 Vp.
445 2340 637 2404 169-170.
682 2341 764 2404 Tum
793 2337 906 2403 Edwin
928 2338 1040 2421 Patzig
1067 2338 1210 2404 codicem
1239 2338 1285 2403 in·

153 2451 296 2537 spexisse
325 2450 445 2516 dicitur
473 2469 495 2514 a
522 2449 696 2515 Tournerio
722 2469 755 2532 p.
771 2450 803 2514 8.
831 2449 920 2515 ouius
941 2449 1070 2515 collatio
1096 2468 1138 2513 an
1169 2447 1287 2513 alicubi

154 2561 244 2627 edita
266 2562 317 2640 sit,
340 2561 458 2626 nescio.
503 2559 660 2625 Tournier
681 2560 751 2643 ipse
772 2559 872 2624 totius
891 2558 1010 2626 codicis
1025 2557 1228 2624 collationem
1252 2577 1287 2624 se

154 2671 316 2738 editurum
339 2692 409 2736 esse
424 2662 543 2736 ibidem
559 2671 718 2753 promisit,
740 2690 845 2754 neque
865 2675 976 2736 tamen
997 2669 1162 2754 promissis
1186 2669 1286 2747 stetit,

67 2843 80 2848 ,
155 2793 230 2840 nam
259 2775 291 2838 in
320 2773 429 2839 libello
452 2794 553 2860 supra
573 2778 822 2839 commemorato
845 2772 888 2837 ad
910 2794 965 2839 eos
986 2777 1113 2838 tantum
1136 2778 1287 2844 carminis

155 2885 244 2953 locos
271 2884 389 2952 codicis
417 2883 667 2966 fflsorepantiam
693 2883 883 2966 adscripsit,
913 2903 994 2966 quos
1016 2886 1204 2954 tractandos
1226 2888 1288 2954 sibi

155 3000 347 3080 sumpserat.
391 2995 482 3062 Haec
509 2995 640 3063 collatio
667 2994 767 3061 multo
797 3015 895 3078 quam
922 3000 1069 3087 caeterae
1091 3002 1168 3063 ante
1189 2999 1287 3065 Tour-

155 3107 279 3172 nerium
301 3107 474 3172 correctior
489 3110 547 3186 est,
570 3127 671 3189 eoque
688 3105 845 3188 imprimis
860 3106 988 3171 nomine
1002 3107 1175 3188 laudanda,
1199 3107 1287 3192 quod

154 3216 189 3282 in
210 3236 250 3282 ea
272 3217 413 3300 primum
435 3216 626 3283 adnotatum
646 3195 805 3282 invenitur
826 3217 860 3280 in
878 3215 912 3279 M
927 3217 1097 3283 nonnullos
1118 3239 1229 3286 versus
1253 3222 1287 3284 in

155 3327 292 3394 aliorum
313 3347 461 3392 versuum
490 3333 527 3393 ut
552 3327 679 3394 videtur
700 3347 815 3394 rasura
836 3327 879 3393 ab
901 3327 968 3393 alia
989 3328 1047 3393 sed
1068 3329 1194 3411 primae
1216 3349 1284 3395 ma-

155 3437 211 3504 nui
232 3456 351 3506 coaeva
366 3456 466 3502 manu
488 3437 579 3522 (mihi
592 3437 626 3501 M
642 3439 676 3522 3)
693 3442 843 3504 exaratos
864 3459 944 3504 esse.
978 3437 1114 3516 Quintus
1137 3460 1196 3524 ego
1216 3439 1286 3524 ipse

157 3547 433 3632 diligentissimam
460 3547 555 3613 huius
577 3548 695 3614 codicis
717 3548 920 3615 collationem
942 3549 1078 3630 confeci,
1101 3570 1198 3635 quam
1219 3548 1289 3616 ubi·

158 3678 282 3743 cunque
303 3678 325 3723 a
346 3659 513 3725 Tournerii
534 3658 704 3725 collatione
725 3657 964 3743 discrepantem
984 3661 1124 3745 repperi,
1146 3660 1288 3728 codicem

151 3768 275 3834 iterum
305 3790 366 3852 pro
393 3789 445 3834 me
466 3768 608 3853 inspexit
634 3769 682 3834 vir
704 3769 905 3835 doctissimus
927 3776 960 3836 et
982 3791 1060 3853 erga
1080 3791 1132 3836 me
1153 3771 1289 3837 benevo-

58 3904 59 3908 ’
157 3878 352 3945 lentissimus
373 3879 530 3946 Henricus
553 3880 681 3945 Omont.

242 3989 371 4073 Reliqui
400 3991 524 4060 codices
552 4011 634 4074 quos
656 3991 689 4057 in
712 3992 797 4059 notis
818 4011 916 4076 saepe
939 3991 1133 4059 deteriorum
1156 3990 1288 4058 nomine

157 4101 342 4187 complexus
364 4123 436 4169 sum
458 4103 603 4170 bisunt:
