2880 4606
664 274 874 336 ..66-

208 460 362 520 conciliare
388 459 532 518 studebat.
573 461 637 531 quis
663 460 737 517 enim
763 460 810 517 cui
835 458 951 531 quidem
984 460 1088 531 aliquis
1120 461 1150 518 in
1175 461 1221 519 his
1249 438 1341 519 rebus

208 570 310 613 sensus
332 558 386 625 est,
407 569 463 612 non
486 558 667 624 exspecteta
684 558 772 625 pocta
793 551 931 623 additum,
952 552 1059 623 Parim,
1080 553 1129 623 qui
1149 558 1194 612 tot
1214 553 1340 613 vidisset

101 694 104 698 .
208 654 385 721 venustates,
407 648 571 706 haesitasse
592 647 643 704 diu
662 648 803 704 incertum
823 647 869 703 cui
889 646 997 718 primas
1021 645 1168 706 deferret‘i
1198 647 1276 719 quod
1298 645 1340 706 fc·

209 743 258 814 cit,
279 748 311 801 nt
331 743 435 800 lacuna
457 740 540 798 simul
561 740 750 812 depravatum
772 740 866 797 locum
886 745 984 810 putem
1006 756 1090 811 quem
1110 741 1154 798 ita
1168 747 1201 799 ut
1214 742 1341 814 posthac

212 834 340 894 scribant
360 835 487 893 editores
508 835 661 893 suaserim:

718 963 826 1040 κόσμον
867 1007 1161 1020 .......

362 1059 471 1138 χειρῶν
492 1057 657 1135 [μειδιόων]
723 1098 1161 1112 ..........

364 1244 426 1317 [καλ
446 1242 525 1318 τότε]
545 1241 716 1320 μειδιόωντα
737 1241 819 1320 δίκης
838 1241 1031 1320 προπάροιθεν
1055 1240 1163 1300 ἑλοῦσα

364 1341 439 1399 τοῖον
459 1333 629 1416 Ἀλεξάνδρῳ
647 1335 799 1414 μυθήσατο
818 1336 911 1413 μῦθον
927 1333 1053 1415 Ἀθῆναι.

212 1465 294 1524 Haec
319 1466 477 1524 Schneider
502 1465 702 1538 sagacissime,
729 1465 781 1522 sed
806 1481 861 1523 non
886 1465 1000 1524 omnino
1026 1481 1102 1523 vere.
1148 1466 1340 1540 Transposito

213 1558 288 1616 enim
308 1575 393 1617 versu
409 1565 464 1617 136
485 1565 552 1631 post
571 1576 597 1616 v.
615 1565 668 1616 133
689 1574 746 1615 non
767 1573 811 1628 ea,
832 1573 916 1627 quam
932 1557 1090 1615 Schneider
1104 1559 1248 1617 nonnullis
1263 1576 1342 1632 quac

209 1651 239 1708 in
260 1667 366 1722 graeco
386 1657 468 1709 textu
488 1667 524 1709 ne
544 1651 681 1722 leguntur
701 1650 816 1721 quidem
837 1650 982 1708 vertendis
1003 1667 1091 1723 supra
1112 1653 1264 1724 expressit,
1286 1653 1341 1711 sed

210 1744 285 1802 haec
311 1745 412 1816 inepta
442 1743 540 1801 evadit
568 1744 725 1801 sententia:
766 1742 867 1800 »Paris
893 1742 1012 1800 dearum
1038 1743 1283 1816 pulchritudinem
1310 1752 1344 1804 et

211 1837 300 1895 calcis
317 1843 345 1895 et
359 1838 522 1910 plantarum
537 1837 661 1908 vestigia
675 1835 834 1893 diiudicare
855 1836 913 1904 (vel
933 1837 1095 1908 explorare)
1117 1839 1267 1908 tentavit«,
1289 1838 1344 1897 ubi

212 1932 276 2002 quis
288 1947 345 1988 non
356 1930 483 1989 offendat
496 1931 526 1988 in
537 1928 682 1988 vocabulis
698 1927 815 1997 κάλλος,
828 1926 932 2005 πτέρνα
946 1934 976 1986 et
990 1927 1096 2005 ταρσοί
1105 1931 1147 1987 sic
1160 1930 1343 1991 coniunctis?

210 2023 285 2080 Mihi
305 2039 405 2082 versus
422 2030 491 2095 136,
518 2039 603 2094 quem
623 2023 690 2081 olim
711 2023 806 2094 potius
827 2023 991 2094 postult
1012 2023 1175 2094 ponendum
1197 2040 1261 2082 esse
1281 2041 1342 2083 non

216 2117 278 2174 sine
299 2132 388 2174 causa
402 2116 565 2188 suspicatus
580 2131 650 2182 sum,
671 2131 746 2173 nunc
760 2132 816 2186 quo
832 2116 894 2174 loco
908 2115 938 2171 in
952 2115 1126 2174 editionibus
1139 2116 1247 2188 legitur
1259 2122 1343 2175 recte

211 2227 244 2269 se
270 2209 380 2269 habere
405 2209 527 2269 videtur.
567 2208 690 2282 Aspexit
715 2209 791 2266 enim
810 2209 894 2265 Paris
919 2209 1042 2281 primum
1068 2225 1133 2267 eam
1158 2210 1342 2268 uniuscuius·
1384 2204 1388 2213 '

211 2319 268 2374 que
289 2303 363 2361 deae
388 2306 584 2369 venustatem,
613 2317 688 2372 quae
713 2317 784 2373 prae
810 2301 915 2359 ceteris
941 2302 1083 2358 excellens
1110 2317 1198 2375 super
1222 2302 1343 2361 modum

213 2397 276 2454 eius
290 2396 381 2453 oculis
395 2409 461 2452 sese
474 2393 628 2463 obtulerat,
650 2398 717 2465 post
730 2398 827 2450 autem
841 2394 878 2451 ad
892 2399 1024 2452 caeteras
1038 2393 1158 2451 dearum
1172 2400 1342 2456 venustates

212 2489 330 2546 transiit
349 2487 423 2546 adeo
443 2488 589 2559 religiose,
610 2493 642 2545 ut
655 2487 701 2545 vel
719 2488 883 2560 plantarum
903 2489 1027 2560 vestigia
1046 2490 1190 2562 inspicere
1209 2506 1268 2549 non
1291 2506 1342 2548 ne·

215 2582 348 2654 glexerit.
385 2582 480 2652 Quare
505 2587 621 2640 servata
641 2581 767 2639 omniurn
788 2580 918 2639 codicum
938 2582 1062 2640 lectione
1083 2579 1192 2658 κόσμον
1212 2578 1342 2660 ἑκάστης

214 2681 281 2748 post
298 2679 403 2754 χρυσῷ
413 2671 562 2751 δαιδαλέην
577 2675 675 2747 plures
690 2690 789 2731 versus
809 2674 991 2733 intercidisse
1005 2673 1171 2748 significavi,
1191 2676 1221 2732 in
1236 2675 1340 2747 quibus

214 2768 301 2828 etde
324 2769 440 2828 Iunonis
461 2768 587 2827 brachiis
607 2768 714 2826 mentio
734 2768 841 2825 iniecta
862 2765 951 2825 buerit
971 2775 1001 2825 ct
1020 2768 1051 2825 id
1072 2768 1148 2839 quod
1168 2774 1275 2840 poetae
1298 2768 1340 2826 di·

213 2863 336 2921 cendum
361 2862 452 2919 fuisse
476 2860 560 2920 modo
585 2860 724 2931 iudicavi,
750 2860 880 2932 pluribus
906 2866 1091 2932 persecutum
1117 2862 1162 2919 sit.
1206 2860 1282 2920 Olim
1311 2862 1340 2918 in

212 2955 384 3015 Schneideri
404 2954 549 3013 sententia
570 2954 755 3024 acquiescens
775 2954 891 3012 Iunonis
912 2952 1021 3028 κόσμον
1042 2952 1174 3030 ἀγοστόν
1201 2956 1243 3023 (in
1263 2954 1342 3026 quod

212 3049 383 3106 Mauritium
399 3047 529 3105 Schmidt
549 3062 661 3118 quoque
680 3045 816 3104 incidisse
831 3062 905 3104 nunc
918 3047 1002 3106 video
1016 3048 1046 3103 in
1059 3046 1135 3104 Mne.
1150 3047 1243 3105 Rhen.
1257 3046 1342 3104 XXV

213 3159 243 3215 p.
264 3145 340 3212 182.)
366 3156 384 3197 a
409 3146 497 3213 poeta
529 3140 678 3199 laudatum
708 3137 798 3197 fuisse
822 3140 870 3198 vix
899 3145 979 3197 recte
1009 3141 1172 3212 suspicatus
1204 3156 1276 3198 sum.
1303 3172 1341 3182 -

214 3235 373 3293 Praeterea
392 3251 493 3292 versus
514 3235 589 3292 siout
609 3249 626 3291 a
647 3233 823 3292 Schneidero
845 3234 983 3306 descripti
1010 3241 1090 3306 sunt,
1118 3235 1165 3293 vel
1190 3233 1257 3293 ideo
1277 3236 1342 3307 pla·

213 3343 281 3386 cere
301 3344 358 3387 non
378 3334 507 3400 possunt,
528 3327 605 3399 quod
625 3328 654 3383 in
674 3327 710 3384 iis
725 3324 836 3402 κόσμος
848 3328 983 3404 χειρῶν
998 3327 1034 3386 de
1047 3328 1164 3386 Iunonis
1177 3328 1342 3387 brachiis

213 3419 408 3493 (λευκώλενος
420 3416 501 3498 Ἥρη)
522 3421 648 3493 positum
670 3425 727 3492 est,
754 3427 784 3478 et
802 3420 911 3498 χειρῶν
931 3417 1048 3493 ἑλοῦσα,
1069 3428 1102 3480 ut
1122 3427 1209 3480 antea
1231 3421 1343 3480 editum

213 3521 288 3588 erat,
310 3515 406 3587 aptius
427 3514 463 3572 de
483 3514 616 3571 Minerva
637 3514 744 3572 dictum
772 3520 830 3585 est,
856 3531 942 3585 quam
968 3515 1089 3587 simplex
1114 3510 1237 3588 ἑλοῦσα,
1265 3515 1345 3586 quod

214 3611 263 3667 vix
277 3609 363 3667 aliter
377 3625 412 3666 ac
424 3625 478 3680 per
499 3603 661 3679 amplexa
682 3613 737 3666 est
756 3608 942 3680 interpretari
956 3625 1118 3681 possumus.
1134 3610 1291 3667 —Restat
1310 3616 1346 3668 ut

213 3703 370 3762 Tournerii
390 3707 581 3759 commentum
602 3705 642 3772 (p.
658 3704 707 3767 24)
728 3716 955 3773 commemorem,
976 3703 1025 3772 qui
1039 3700 1171 3778 γλαυκῶν
1183 3701 1345 3779 βλεφάρων

213 3793 305 3860 σέλας
329 3795 367 3853 ad
387 3795 550 3852 Minervam
574 3792 757 3851 referendum
783 3810 846 3853 esse
873 3795 1047 3864 concedens,
1073 3796 1187 3854 omnino
1214 3797 1291 3854 male
1312 3795 1346 3852 δ’

206 3883 294 3964 Ἥρην
314 3905 367 3960 pro
388 3884 484 3965 δειρήν
503 3888 656 3960 proposuit
676 3893 705 3946 et
725 3885 896 3964 ἐφράσσατο
923 3885 1033 3964 κόσμον
1058 3884 1176 3967 ἐθείρας
1196 3890 1233 3948 ab
1254 3890 1347 3948 inter·

212 3981 349 4054 polatore
370 3981 500 4040 additum
521 3997 585 4040 esso
605 3982 720 4055 putavit
739 3981 885 4054 deperditi
902 3982 1085 4055 hemistichii,
1106 3984 1156 4054 qui
1176 3982 1213 4041 de
1227 3974 1346 4043 Venere
