2880 4606
615 316 828 380 ..95-

157 519 197 562 ex
216 501 363 561 Pausania
382 501 425 560 ΠΙ
444 517 507 574 cap.
524 507 560 560 14
579 500 727 574 probavit:
764 497 817 556 Τοῦ
837 497 952 575 Δρόμου
972 498 1006 558 δὲ
1031 496 1120 564 ἐκτὸς
1140 498 1215 557 κατὰ
1235 497 1287 556 τοῦ

152 592 330 672 Ἡρακλέους
348 593 382 652 τὸ
403 591 517 671 ἄγαλμά
536 591 615 652 ἐστιν
638 592 716 650 οἰκία
731 591 767 650 τὰ
786 589 832 670 ἐφ’
853 591 931 670 ἡμῶν
947 591 1071 667 λδιώτου,
1093 591 1241 653 Μενελάου
1254 591 1288 650 τδ

154 687 295 767 ἀρχαῖον.
335 689 376 748 Et
400 686 470 767 ἄγχι
489 685 634 765 δρόμοισιν
660 688 800 762 praetulit
824 687 929 746 Harles
949 688 980 745 in
999 689 1084 749 notis.
1124 688 1182 746 Sed
1207 692 1288 746 recte

155 779 294 842 Graefius
308 798 343 855 p.
364 789 434 841 254:
471 782 596 840 »Verum
609 781 732 839 ridetur
752 776 957 857 ἀγχιδόμοισιν,
979 785 1009 838 et
1028 781 1125 854 potuit
1140 778 1289 857 μέλαθρον

155 870 320 952 διγχίδομον
340 875 377 933 de
400 875 499 934 ricinis
521 874 641 932 aedibus
657 873 759 932 eodem
773 874 836 930 iure
851 873 917 944 dici,
938 889 994 944 quo
1008 873 1288 945 praeostentat

161 966 326 1045 αἰπύδμητα
346 965 467 1044 δώματα
487 967 524 1026 de
544 969 620 1040 altio,
642 965 691 1025 cfr.
713 984 739 1026 v.
760 973 825 1025 391.
866 966 924 1025 Sed
944 967 1007 1025 eod.
1027 966 1101 1023 Μυῒ.
1121 964 1187 1024 fert.
1209 960 1289 1042 ἀγχι-

159 1060 322 1137 πόροισιν
343 1077 378 1120 eo
391 1077 478 1120 sensu
491 1062 591 1133 voluit,
613 1077 669 1132 quo
692 1057 905 1138 ἀγχικέλεοθος
925 1060 1059 1119 dicitur«
1090 1060 1131 1119 Et
1149 1060 1290 1132 praetulit

159 1156 297 1229 vulgatae
318 1154 427 1215 Graefii
452 1153 649 1234 ἀγχιπθρσισιν
675 1156 823 1214 Hermann
849 1173 880 1228 p..
901 1163 950 1228 19,
975 1156 1087 1228 recepit
1106 1154 1213 1226 Lehrs,
1241 1158 1290 1212 »et

156 1248 254 1309 habet
274 1263 343 1307 sune
364 1248 542 1319 ahquantum
562 1247 818 1306 commendationis
839 1264 857 1306 a
876 1248 971 1305 Nonni
991 1247 1164 1306 anctoritate
1185 1247 1234 1317 qui
1255 1261 1290 1304 ea

160 1359 231 1402 voce
251 1358 320 1400 usus
340 1347 386 1400 est
404 1341 523 1413 Dionys.
546 1342 574 1408 7,
596 1347 660 1399 215.
687 1348 731 1412 10,
752 1347 798 1399 82.
821 1347 866 1413 23,
889 1347 953 1398 255.
975 1347 1021 1412 32,
1044 1347 1106 1399 193.
1147 1339 1287 1411 Paraphr.

154 1443 188 1508 -4,
210 1436 275 1495 217.
297 1442 328 1508 e,
349 1441 395 1494 26.
416 1442 448 1503 e,
470 1441 506 1494 36
528 1439 582 1493 etc.
626 1433 702 1493 Add.
724 1435 844 1505 Dionys.
865 1433 1012 1505 Perieget.
1033 1439 1097 1491 381.
1119 1431 1172 1490 sed
1192 1431 1289 1490 nescio

159 1533 269 1601 tamen,
290 1529 436 1586 arverius
452 1528 490 1585 eit
504 1524 702 1604 ἄγχιμόροισιν
722 1528 785 1599 [sic‚
806 1526 896 1585 voluit
917 1521 1125 1604 ἀγχιμιίροισιν]
1146 1527 1165 1582 i.
1181 1541 1205 1582 e.
1227 1524 1289 1596 qui·

159 1621 215 1680 hus
234 1622 293 1679 iam
313 1615 382 1696 ἄγχι
402 1616 530 1695 παρέστη
546 1616 668 1694 μίρσςι,
694 1618 771 1690 quod
795 1619 970 1690 tragicorum
995 1619 1091 1691 potius
1117 1633 1203 1689 quam
1229 1617 1289 1689 epi·

156 1730 261 1774 corum
281 1712 473 1772 elocutionem
492 1712 625 1771 redolere
645 1713 714 1770 mihi
740 1712 869 1783 videtur3
891 1715 1046 1784 praeterea
1065 1706 1290 1789 ἀγχειμονροισιν

158 1807 233 1866 nihil
252 1806 309 1864 nisi
328 1805 432 1864 calami
452 1821 534 1865 error
554 1811 612 1878 est,
641 1823 727 1878 quem
753 1807 850 1864 statim
871 1806 935 1877 ipse
955 1805 1090 1863 librarius
1110 1806 1140 1862 in
1160 1806 1290 1876 margine

158 1901 348 1962 conexit-
362 1896 405 1957 ἐνί
425 1896 561 1975 ώτρειδαο
575 1901 617 1972 Μ,
637 1897 810 1975 ἐπατρείδαο
824 1900 860 1972 N,
881 1897 924 1957 ἐπ’
940 1896 1057 1956 ἀτείδαο
1075 1900 1116 1970 R,
1133 1896 1291 1974 μελάθρων

154 1995 234 2054 ⁴(tolli.
254 1994 394 2066 Anonym.
422 2026 456 2035 -
484 1991 551 2051 250
571 1990 762 2068 εὐαλλόμενος
787 2010 823 2051 m.
844 2011 887 2068 pr.
916 1996 946 2050 in
967 1994 1006 2065 Q;
1032 1992 1202 2071 χαρίτεσσιν
1223 1991 1290 2050 add.

159 2087 240 2147 Mt
260 2087 291 2145 in
310 2087 357 2157 M3
378 2119 414 2128 -
436 2083 496 2145 251
516 2081 630 2143 ἔτικτον
653 2086 675 2145 (l
695 2091 763 2145 ante
784 2102 867 2159 corn,
891 2083 1037 2164 ἐπηρωυῒα
1058 2087 1096 2157 Q,
1123 2082 1221 2162 θυώνη
1240 2100 1291 2141 ne·

161 2180 222 2240 tavi
248 2195 283 2238 ex
301 2178 627 2251 MAOLNPQRSV,
657 2176 702 2235 υἷα
730 2176 827 2256 θοώνη
853 2179 919 2238 add.
940 2178 982 2235 Μ.
1004 2186 1020 2237 3
1046 2179 1075 2235 in
1099 2177 1145 2250 M3
1168 2209 1202 2217 -
1226 2173 1289 2236 252

154 2266 268 2350 ἱλήκοις
286 2271 333 2344 Μ,
355 2269 511 2344 latuere,
537 2269 645 2349 ἡλίκοις
665 2273 803 2345 ALNR,
830 2270 920 2350 ἡλίκοι
943 2272 976 2345 Q,
1004 2269 1112 2350 ἱλήκοις
1131 2272 1155 2329 Ρ
1177 2277 1291 2328 etcum

155 2365 346 2438 corruptelae
371 2365 452 2437 signo
479 2364 513 2437 S;
539 2364 663 2423 διόνοισε
688 2367 734 2438 Μ;
761 2366 809 2422 καὶ
834 2365 905 2430 ἷδιος
929 2362 996 2423 ἐσσὶ
1012 2356 1072 2436 Μ,
1093 2362 1155 2430 διὸς
1179 2359 1246 2420 ἐσσλ
1265 2365 1291 2419 h.

164 2458 317 2517 »Dubitari
338 2473 396 2517 non
420 2475 507 2532 posse
534 2459 664 2531 videtur,
694 2461 763 2531 quin
782 2461 824 2519 ita
844 2460 934 2519 verba
959 2460 1150 2519 cohaereant:
1178 2457 1292 2516 etiamsi

160 2556 199 2609 ,tu
219 2567 251 2609 es
271 2549 347 2608 filius
367 2551 460 2626 Iovis,
484 2558 581 2611 tamen
601 2555 650 2612 ille
675 2569 789 2625 quoqne
808 2554 929 2626 pulcher
950 2557 1022 2611 erat.
1063 2552 1147 2611 Unde
1169 2548 1292 2608 efficitur

163 2649 197 2704 ut
215 2651 282 2719 post
302 2643 440 2724 γενέθλης
460 2647 654 2720 interpunctio
683 2648 801 2705 minima
820 2646 955 2719 ponende
975 2647 1026 2716 sit,
1052 2662 1109 2703 non
1129 2647 1239 2718 medie,
1260 2650 1293 2703 ut

158 2737 272 2798 ,factum
286 2755 304 2797 a
317 2739 452 2798 Bekkero
475 2740 519 2816 [et
532 2740 595 2797 rell.
610 2746 678 2812 post
692 2756 758 2798 eum
773 2739 853 2812 edd]
874 2747 925 2797 aut
945 2739 1033 2796 etiam
1052 2739 1184 2808 maxima,
1206 2754 1292 2810 quam

163 2833 262 2906 posuit
280 2833 447 2906 Lennepius
474 2836 604 2905 [secutus
626 2851 644 2893 e
664 2833 862 2908 Schaeferot«
898 2833 1096 2893 Schneider
1119 2839 1292 2907 12441.-

160 2922 228 2984 Ι253
249 2925 391 3003 καλοσέην
406 2927 453 2998 Μ;
475 2930 610 2992 κακεῖνος
622 2928 664 3000 Μ,
687 2926 823 2994 κάκεῖνος
836 2928 869 3000 Ρ,
890 2926 1026 3004 κᾴκεῖνος
1046 2927 1065 2986 S
1086 2932 1117 2985 et
1137 2927 1203 2986 edd.
1224 2932 1293 2986 ante

157 3017 300 3092 Bekker,
321 3018 467 3086 καίκεῖνος
487 3021 520 3092 Q,
541 3019 590 3077 καλ
611 3017 720 3086 ’κεῖνος
739 3021 811 3094 AL,
836 3019 884 3077 καλ
905 3022 1000 3086 κεῖνος
1019 3022 1092 3094 NR,
1113 3020 1240 3093 Bekker,
1262 3025 1292 3079 et

162 3110 227 3168 rell.
240 3115 308 3183 post
322 3127 388 3169 enm
404 3112 485 3184 edd.;
506 3112 554 3169 καὶ
569 3110 693 3184 ἐκεῖνος,
707 3115 784 3186 quod
798 3113 1021 3188 praeferendum
1036 3130 1100 3172 esse
1115 3115 1188 3171 dixit
1202 3114 1292 3173 Grae·

163 3201 218 3260 fius
238 3220 266 3275 p.
283 3210 349 3274 254,
369 3205 459 3264 habet
480 3205 511 3265 O.
535 3239 567 3248 -
588 3207 756 3285 επαγλαϊνγσι
776 3207 817 3280 Μ,
839 3203 879 3264 ἐπ’
904 3205 1021 3284 ἀγλαΐης
1040 3208 1112 3279 AQ,
1133 3203 1230 3282 ἐπαγλ.
1251 3206 1290 3278 L;

164 3294 320 3372 προσώπου
346 3297 429 3356 codd.
451 3299 522 3358 dett.
544 3306 574 3358 et
595 3300 660 3358 edd.
688 3317 800 3373 omnen,
825 3297 977 3377 προσώπου
996 3301 1042 3372 M,
1069 3317 1159 3372 quare
1179 3298 1292 3375 προσώ·

156 3407 225 3446 πων
239 3388 350 3463 scripsi,
366 3405 430 3447 cnm
444 3407 559 3464 semper
572 3393 680 3465 plurali
696 3393 780 3452 huius
795 3394 874 3451 vocis
888 3391 980 3452 forma
994 3409 1063 3450 usus
1077 3393 1116 3450 sit
1131 3393 1290 3452 colluthus.

155 3545 203 3557 ‹-
224 3511 288 3574 254
309 3511 326 3593 ἢ
346 3515 380 3574 δὲ
401 3532 465 3590 ego,
485 3517 537 3595 ηδε
557 3519 599 3593 Μ,
619 3469 680 3577 Mile
700 3522 726 3578 A
748 3522 834 3590 (corr.
854 3537 890 3579 m.
911 3524 953 3592 1);
974 3517 1141 3596 φιλοξεινοιν
1160 3520 1206 3588 Μ;
1227 3517 1293 3596 κλῆ-

155 3607 220 3675 δας
233 3610 274 3680 Μ,
296 3609 415 3689 κληΐδας
435 3612 503 3686 eL,
524 3612 641 3692 κλιγΐθος
663 3616 735 3687 ΑΝ,
756 3615 780 3672 Ρ
800 3620 834 3672 ut
852 3613 919 3686 vid,
940 3614 1005 3673 Set
1025 3615 1090 3673 edd.
1111 3620 1178 3672 ante
1193 3614 1292 3686 Steph.

166 3698 281 3780 κληῖδος
305 3703 344 3775 V,
376 3702 475 3782 κιχνδος
500 3707 540 3779 Q,
567 3704 686 3783 κλγίθας
713 3724 748 3765 ex
773 3707 901 3766 Brodaei
927 3713 1094 3766 correctura
1118 3714 1294 3780 receperunt

165 3802 330 3877 Stephanus
351 3810 382 3863 et
400 3806 464 3863 rell.
485 3812 552 3866 ante
567 3807 733 3866 Bekkerum
756 3809 821 3868 edd.
838 3794 956 3888 κληῖδας
969 3810 1086 3869 Bekker
1106 3811 1214 3883 primus
1230 3811 1289 3869 edi·

165 3897 218 3956 dit.
233 3931 270 3943 ·-
286 3894 388 3956 ἄνεισα
406 3899 446 3972 V;
469 3933 503 3942 —
526 3900 588 3961 255
609 3900 750 3980 εξαπγνης
770 3902 811 3975 Μ,
831 3900 869 3971 ἐξ
879 3902 977 3980 ἀπίνης
990 3903 1026 3974 Ο;
1047 3902 1128 3980 clera
1143 3904 1190 3976 M;
1207 3922 1292 3979 μετε-

164 3989 270 4048 κειαθε
283 3992 329 4064 Μ;
345 3990 473 4069 δόματος
486 4011 521 4052 m.
537 4012 580 4068 pr.
597 3996 626 4052 in
640 3995 678 4067 P;
698 3995 784 4073 αυλην
798 3996 839 4052 Μ.
858 4029 892 4037 -
911 3993 975 4054 256
992 4016 1041 4052 και
1056 3997 1098 4070 Μ,
1113 3995 1237 4075 θαλερόν
1250 3998 1291 4070 M,
