2880 4606
620 333 831 398 „53-

161 528 262 583 teneo:
284 528 315 581 et
335 521 477 595 spiculum
497 521 577 593 agito
598 535 754 592 arcumque
773 519 844 578 tollo
865 518 1023 591 cingulum.
1066 516 1115 577 Sic
1133 522 1216 591 patet
1234 535 1291 578 non

160 635 236 691 opus
264 632 327 674 esse
353 620 386 673 ut
413 613 466 690 μὲν
495 614 603 673 babeat
632 614 806 688 particulam
831 613 1062 687 respondentem.
1108 612 1174 671 Non
1197 611 1292 686 potuit

162 711 239 768 enim
260 707 360 768 inferri
383 707 424 778 δέ,
447 709 489 768 sic
510 705 686 767 conformata
701 708 847 767 oratione:
862 707 915 766 sed
928 706 1049 765 deberet
1062 703 1162 764 inferri
1181 707 1206 764 si
1225 723 1292 780 pro·

162 803 282 862 cederet
296 802 466 875 compositio
483 801 636 860 verborum
656 791 708 873 ita,
729 806 763 858 ut
782 801 920 859 institute
935 804 1011 859 erat:
1032 797 1093 856 ἀντὶ
1114 795 1168 876 μὲν
1188 797 1293 878 αἰχμῆς

164 896 268 954 κεστὸν
294 891 373 974 ἔχοι,
400 893 461 952 ἀντὶ
488 891 521 952 δὲ
547 891 681 970 κέντρου,
713 894 761 950 καὶ
786 892 848 951 ἀντὶ
872 891 975 952 τούτου
1002 891 1106 951 κεστόν
1129 887 1206 972 ἔχω·
1231 893 1292 954 ἀντὶ

161 988 198 1049 δὲ
217 987 313 1064 τόξου,
334 986 468 1064 ipolitum«
515 987 674 1047 Hermanni
701 989 896 1054 coniecturam
921 989 1034 1062 recepit
1057 988 1163 1061 Lebrs,
1188 989 1292 1062 impro-

163 1085 244 1143 bavit
257 1083 369 1142 Tiedke
389 1084 419 1141 in
433 1083 541 1141 Herma
554 1082 626 1140 XIII
647 1100 675 1155 p.
691 1089 761 1155 352,
781 1084 862 1142 cuius
881 1084 956 1143 haec
974 1088 1042 1141 sunt
1058 1083 1160 1141 verba:
1183 1083 1292 1154 »Quem

165 1184 260 1236 autem
274 1178 420 1237 stimulum
434 1192 554 1248 quemve
569 1193 666 1234 arcum
687 1177 785 1236 Venus
799 1177 972 1250 appellaret,
985 1177 1041 1236 nisi
1054 1178 1148 1250 ipsum
1162 1177 1290 1235 cestum‘t

159 1287 239 1342 quae
264 1272 379 1342 quidem
404 1272 501 1344 paullo
523 1276 591 1329 ante
612 1273 710 1329 lusum
736 1288 867 1331 amorum
891 1272 973 1344 quasi
998 1273 1110 1330 hastam
1136 1288 1167 1331 se
1188 1288 1291 1345 gerere

164 1365 393 1441 praedicaverat.
429 1365 511 1436 Quod
531 1380 596 1422 cum
615 1369 714 1436 recte,
735 1369 769 1422 ut
788 1365 857 1422 mihi
878 1365 992 1436 quidem
1005 1365 1131 1437 videtur,
1151 1365 1291 1424 Herman-

165 1476 217 1517 nus
235 1459 441 1532 perspexisset,
462 1459 595 1529 neglecta
617 1447 822 1530 resumptione,
843 1458 932 1517 verba
945 1460 987 1517 sic
999 1459 1076 1516 inter
1088 1474 1120 1517 se
1135 1458 1291 1517 cohaerere

160 1552 314 1610 iudicavit:
336 1548 397 1607 ἀντὶ
408 1548 461 1625 μὲν
482 1549 587 1629 αἰχμῆς
598 1582 632 1590 -·
646 1548 750 1608 κεστὸν
764 1545 841 1630 ἔχω·
862 1549 909 1607 καλ
924 1549 1042 1628 κέντρον
1056 1549 1119 1628 ἄηω
1139 1549 1186 1608 καλ
1206 1549 1291 1620 τόξον

165 1644 255 1722 ἀείρω
275 1643 396 1715 κεστόν,
419 1659 503 1715 quem
526 1660 685 1703 sermonem
705 1645 807 1704 Nonno
829 1646 947 1718 eiusque
968 1646 1159 1705 sectatoribus
1179 1652 1291 1706 tantum

159 1740 332 1812 discrepare
352 1745 430 1811 puto,
452 1744 485 1796 ut
504 1756 562 1797 nna
576 1741 676 1798 littera
690 1744 802 1798 mutata
822 1738 926 1798 κεστὸν
947 1736 1007 1817 ἐγὼ
1028 1740 1076 1797 καί
1096 1738 1213 1818 κέντρον
1227 1738 1290 1818 ἄγω

164 1830 213 1888 καὶ
238 1830 321 1901 τόξον
346 1830 437 1910 ἀείρω
460 1834 478 1889 i.
502 1849 527 1891 e.
556 1837 667 1891 cestum
694 1850 748 1905 ego
770 1839 799 1891 et
823 1839 969 1906 tamquam
994 1836 1140 1893 stimulum
1166 1850 1235 1906 gero
1261 1839 1291 1894 et

166 1941 264 1982 arcum
295 1926 365 1984 tollo
392 1924 455 1995 (olr.
477 1925 563 1982 Dion.
590 1926 661 1983 XIX
688 1933 742 1984 236
766 1925 844 2004 χειρὶ
865 1931 917 2004 μιῇ
941 1926 990 1984 καὶ
1015 1927 1115 1986 κίοοον
1139 1922 1218 2006 ἔχων
1242 1926 1291 1985 καὶ

164 2015 272 2074 aalide
291 2013 402 2096 έλαίης;
423 2017 580 2075 XXXVIII
601 2025 656 2077 286
677 2016 862 2096 ἀμφοτέρους
882 2018 930 2075 κοιλ
950 2019 1048 2078 Νεῖλον
1073 2019 1145 2097 ὁμοῦ
1173 2020 1222 2078 καλ
1239 2019 1291 2097 βό-

160 2132 234 2188 τρυν
255 2110 358 2181 ἀέξων.
398 2113 465 2169 Par.
486 2113 514 2170 N
534 2119 571 2170 43
598 2109 677 2188 νίψον
703 2109 778 2179 ἄναξ
795 2111 843 2168 κοιλ
860 2116 964 2190 χεξοας
988 2110 1062 2189 ἐμὰς
1087 2113 1135 2170 καὶ
1160 2112 1291 2171 κυκλάδο

167 2204 284 2282 κόρσην.
326 2204 408 2262 Paul.
430 2204 480 2261 Sil.
500 2204 602 2262 Descr.
624 2220 660 2264 m.
682 2205 748 2262 eccl.
770 2205 785 2262 I
807 2211 861 2264 138
882 2202 975 2270 δεινὸς
995 2204 1077 2284 ἀνήρ,
1104 2205 1152 2263 καλ
1173 2205 1290 2284 κέντρον

165 2296 239 2357 ἑλεῖν
260 2298 309 2355 καὶ
330 2297 429 2374 σχῆμα
446 2294 596 2374 χαράξαι).
636 2298 698 2356 Νοο
720 2304 816 2356 tamen
836 2315 1003 2373 repugnem,
1022 2302 1048 2359 si
1062 2302 1126 2373 quis
1140 2302 1182 2358 ita
1195 2306 1292 2360 servet

160 2393 403 2465 resumptionem,
429 2399 462 2451 ut
488 2393 600 2451 scribat
626 2391 729 2450 κεστὸν
756 2389 820 2473 ἔχω
846 2392 895 2451 καί
920 2392 1038 2472 κέντρον
1056 2393 1118 2472 ἐγὼ
1138 2393 1187 2452 καί
1206 2393 1290 2463 τόξον

165 2485 267 2561 ἀείρω,
287 2503 361 2558 quae
382 2486 484 2563 eadem
505 2487 658 2546 verborum
680 2487 832 2547 collocatio
853 2493 898 2546 est
918 2494 1009 2560 atque
1022 2489 1106 2548 Dion.
1127 2490 1240 2549 XXXV
1253 2496 1291 2550 44

166 2577 257 2647 ξεῖνον
277 2575 340 2659 ἔχω
362 2579 410 2638 καὶ
430 2577 548 2639 ἄπιστον
569 2577 629 2656 ἐγὼ
648 2579 766 2639 πόθον(
807 2581 937 2641 Priorem
957 2583 1072 2641 Tiedkii
1092 2585 1290 2644 conlecturam

161 2682 196 2732 ut
215 2678 419 2750 simpliciorem
438 2678 550 2750 recepi3
571 2675 623 2734 sed
644 2681 797 2748 praeterea
817 2693 842 2734 v.
865 2682 902 2734 94
929 2675 1052 2735 fortasse
1077 2675 1132 2754 γὰρ
1160 2695 1212 2750 pro
1235 2675 1290 2753 μὲν

157 2769 345 2828 scribendum
374 2775 426 2828 est.
456 2803 488 2812 —
520 2769 692 2842 Corruptum
723 2785 786 2827 esse
811 2766 964 2847 φιλότητος
989 2766 1060 2848 ἐμῆς
1084 2766 1153 2846 ἐμὸν
1175 2767 1290 2847 οἶστρον

164 2864 295 2936 plerIque
320 2864 414 2924 critici
440 2864 631 2922 consentimrt.
661 2861 758 2933 Atque
777 2858 908 2939 φιλότητι
924 2861 1095 2938 μεμιγμένον
1115 2859 1229 2940 οἶστρον
1243 2864 1290 2922 vel

157 2956 317 3035 φιλότητος
336 2955 466 3035 όνηοιμον
480 2954 596 3034 οἶστρον
611 2957 735 3015 coniecIt
753 2956 886 3029 Lennep‚
909 2951 980 3035 ἐμῆς
1000 2953 1063 3014 νέον
1082 2952 1196 3034 οἶστρον
1215 2957 1289 3016 Dor·

163 3053 268 3125 villius,
290 3054 339 3124 qui
359 3058 460 3111 tamen
482 3052 599 3125 pronior
624 3055 689 3109 erat
715 3050 752 3109 ad
778 3051 925 3123 vulgatam
951 3050 1147 3124 retinendam,
1174 3052 1289 3124 elegan-

158 3146 233 3203 tiam
259 3147 289 3203 in
309 3147 459 3219 repetione
483 3145 660 3217 quaesivisse
680 3149 796 3216 poetam
821 3150 911 3202 ratus.
951 3143 1104 3221 φιλότητος
1128 3139 1228 3222 ἐνηέος
1248 3140 1288 3200 ol-

158 3257 251 3315 οτρον
271 3256 344 3298 corr.
358 3238 501 3298 Ruhnken
523 3239 628 3297 collato
643 3237 783 3310 Gregorio
797 3238 978 3296 Nazianzeno
994 3235 1147 3316 (ὑποθῆκαι
1168 3237 1287 3315 παρθεν.

163 3351 191 3405 p.
204 3341 239 3392 18
255 3333 299 3392 ed.
314 3333 465 3405 Hermam:
482 3329 589 3409 Καιριλς
603 3328 627 3387 δ’
645 3325 681 3387 αὖ
694 3328 849 3408 φιλότητος
861 3327 961 3408 ἐνηέος
971 3327 1049 3388 ἐστὶν
1061 3327 1163 3389 ἅπασιν
1170 3327 1289 3406 Ἠερίοις

162 3424 254 3490 ἁλόοις
273 3444 305 3482 τε
326 3425 374 3482 καὶ
389 3421 448 3483 όσό
473 3421 518 3482 ἐπὶ
533 3427 613 3501 γαῖαν
627 3420 730 3481 ὁδεύει.
746 3458 781 3466 -
798 3423 845 3482 »Si
860 3424 928 3495 quid
942 3424 1120 3497 mutandum,
1144 3441 1180 3484 ex
1193 3425 1288 3484 Nonni

159 3520 280 3592 Dionys.
294 3519 347 3577 XL
368 3526 404 3578 96
425 3515 509 3575 ἄλλον
531 3513 591 3594 ἐγὼ
618 3514 720 3594 γλυκὺν
745 3513 859 3595 οἶστρον
885 3518 1049 3591 scripserim
1073 3538 1105 3595 φ.
1133 3513 1157 3576 ἐ.
1186 3514 1288 3592 γλυκὺν

158 3609 276 3689 οἶστρον
291 3607 415 3668 ἑλοῦσαι.
448 3609 505 3670 Gir.
526 3613 644 3670 Nonnus
665 3611 694 3669 Π
714 3619 749 3670 23
770 3608 885 3683 οἶστρον
904 3607 979 3667 ἑλὼν
999 3610 1168 3688 πτολέμοιο(
1189 3612 1287 3670 Wer·

160 3704 243 3763 nilne
265 3705 302 3763 ad
322 3704 479 3778 Tryphiod.
495 3722 523 3777 p.
541 3711 604 3763 152.
637 3705 790 3778 Vulgarum
804 3707 985 3766 retinuerunt
1004 3706 1109 3765 Harles
1133 3711 1162 3764 et
1180 3706 1287 3778 Julien‚

159 3803 279 3856 secutus
299 3797 346 3855 hic
366 3797 548 3870 Bekkerum,
575 3798 621 3856 cui
641 3798 745 3856 lusisse
764 3799 917 3858 videbatur
934 3806 1022 3872 poeta
1040 3799 1173 3858 similiter
1185 3799 1287 3858 Nonno

160 3897 208 3962 16,
229 3897 265 3948 88
287 3887 373 3955 αὐτὸς
393 3886 475 3966 ἐμοῖς
497 3886 618 3967 ὤμοισιν
638 3887 707 3968 ἐμὴν
727 3891 843 3949 Νιίιαιον
864 3891 977 3968 dedomo.
1021 3892 1079 3950 »At
1103 3892 1177 3951 haec
1202 3892 1288 3951 valde

165 3985 280 4042 diversa
300 3989 375 4056 sunt,
398 3983 531 4055 quodque
551 3989 620 4057 apte
643 3985 715 4042 dixit
731 3985 859 4057 Nonnus,
880 3983 1015 4057 frigidum
1038 3989 1116 4043 esset
1135 3985 1215 4058 apud
1234 3985 1288 4045 00-

157 4078 281 4138 lnthnm.
311 4077 396 4135 Hunc
416 4077 571 4150 oportebat
591 4079 707 4150 gravium
728 4078 797 4150 quid
816 4078 987 4152 praedicare
1002 4078 1150 4139 deoestro
1171 4080 1286 4151 amoris,
