2880 4606
601 313 833 375 -119-

153 497 272 577 ,κεράων
292 504 372 559 recte
392 496 422 555 δ’
441 499 573 566 inseruit,
594 502 624 556 et
644 495 755 573 κόσμος
774 514 827 570 pro
843 496 946 574 κόσμῳ
960 498 1034 570 er
1054 499 1175 573 recepit,
1195 515 1280 573 prae·

156 600 239 653 terea
260 593 306 650 νῦν
326 610 380 666 pro
400 589 457 662 νύξ,
479 591 663 651 anacoluthia
682 591 872 664 intolerabili,
898 598 931 650 nt
950 600 1031 651 recte
1051 593 1161 652 monuit
1179 608 1282 653 censor

160 687 368 760 Gottingensis,
389 691 419 744 et
437 683 499 763 ἠώς
519 681 661 764 ἐρχομένη
682 685 706 757 Q
726 686 831 743 librum
856 690 973 744 secutus
995 685 1102 758 edidit;
1128 691 1283 760 praeterea

159 781 204 839 vel
227 777 371 856 μετηαρον
397 778 603 838 adverbialiter
627 778 751 850 positum
779 779 820 848 (in
845 778 979 848 sublime)
1007 779 1052 837 vel
1074 777 1220 857 μετήορος
1243 777 1282 838 ad

159 871 221 952 ἦῶς
241 871 439 945 referendum,
468 879 498 930 et
518 889 571 944 pro
591 866 705 928 ὤπασεν
726 869 842 928 ἵππασεν
863 871 1045 930 scribendum
1065 887 1130 930 csse
1151 873 1281 932 coniecit.

159 967 277 1026 Bekker
290 984 309 1026 a
321 969 440 1040 vulgata
453 967 596 1038 scripture
609 982 666 1024 non
680 966 809 1036 recessit,
828 967 883 1022 nisi
897 965 974 1037 quod
988 962 1032 1043 ηῶ
1046 960 1208 1041 ἀρχομένην
1222 966 1282 1024 edi·

160 1060 211 1118 dit.
244 1059 353 1119 Censor
368 1059 566 1131 Gottingensis
587 1052 678 1116 ὤπασ’
699 1054 733 1123 ές
751 1055 795 1135 dri
815 1054 974 1136 ἐρχομένην
994 1060 1039 1117 vel
1059 1065 1180 1132 propter
1199 1061 1282 1118 vitio·

160 1170 222 1213 sem
243 1154 390 1212 elisionem
410 1155 534 1226 pessime
555 1153 691 1224 coniecit,
712 1153 852 1212 Helenam
878 1152 1058 1225 adsequens
1085 1169 1170 1213 mane
1190 1153 1280 1212 auda·

159 1248 267 1307 olorem
287 1244 450 1322 (μετηορον)
468 1244 575 1304 iactam
596 1262 659 1304 esse
679 1246 785 1304 volens.
816 1246 889 1304 Tum
910 1246 1040 1306 Graefius
1060 1265 1087 1320 p.
1109 1254 1180 1306 255:
1203 1247 1279 1305 »Ad-

160 1343 275 1403 modum
296 1344 422 1401 iciunum
448 1346 494 1401 est
518 1337 568 1409 νὺξ
586 1335 700 1397 ὤπασεν
726 1337 769 1418 ηῶ
795 1342 839 1398 vel
862 1341 994 1400 (lollutbo
1017 1341 1167 1413 indignum
1192 1339 1281 1412 [quod

158 1442 291 1496 senserat
310 1437 399 1494 etiam
412 1433 557 1507 Lennep]‚
578 1434 664 1506 paulo
685 1435 786 1491 melius
807 1439 886 1492 esset
906 1428 1035 1490 ὤπλισεν.
1067 1434 1173 1492 Verum
1194 1433 1281 1493 lectio

158 1529 228 1589 (lod.
250 1529 291 1586 M.
317 1545 381 1587 cum
402 1528 528 1599 antiquis
550 1526 614 1584 edd.
640 1532 821 1599 comparata,
847 1524 932 1593 fecit,
957 1532 989 1582 ut
1013 1526 1167 1598 legendnm
1187 1526 1280 1599 suspi-

158 1639 242 1682 carer
249 1641 256 1680 Ξ

311 1754 362 1826 νὺξ
379 1755 421 1831 δέ,
442 1755 534 1815 πόνων
555 1755 691 1832 ἄμπαυμα
707 1755 770 1831 μετ’
791 1753 896 1833 ηἐλίοιο
917 1754 1085 1830 κελεύθους,

312 1847 397 1909 ὕπνον
416 1849 628 1929 ἐλαφριῖεσκε
648 1848 824 1928 παρῄορον·
845 1845 963 1927 αὔχασε
983 1849 1015 1905 δ’
1035 1847 1096 1927 η’ὼς

311 1942 464 2023 ἀρνουμένη·

157 2091 339 2163 inquisitam
358 2089 424 2148 lect.
443 2089 511 2148 Ocd.
526 2090 558 2147 M
571 2084 654 2148 ὕπνον
672 2088 827 2167 παρῄορον,
848 2106 985 2156 somnum,
1006 2089 1099 2147 noetis
1119 2089 1232 2148 levem
1252 2095 1283 2148 et

157 2184 273 2242 veluti
287 2184 540 2242 lascivientem
562 2185 735 2254 comitem,
757 2185 870 2244 omnino
883 2181 1105 2256 praeferendum
1120 2183 1279 2241 existimo«

158 2277 306 2335 Hermann
326 2294 354 2349 p.
375 2284 420 2348 21,
441 2293 525 2348 quem
546 2287 662 2335 secutus
684 2282 729 2335 est
748 2276 850 2345 Lehrs‚
871 2274 922 2345 νύξ
938 2277 1065 2343 retinuit,
1088 2281 1118 2334 et
1137 2273 1282 2356 παρῄορον

159 2364 275 2426 ὤπασεν
298 2365 347 2446 bo?
364 2368 508 2449 ἀρχομένη
533 2371 620 2428 scribi
640 2371 737 2440 iussit,
764 2372 832 2443 quia
853 2372 999 2430 »Helenae
1019 2372 1129 2429 scilicet
1152 2388 1208 2430 nox
1227 2370 1281 2428 sub

158 2479 293 2523 auroram
312 2461 394 2520 dedit
407 2479 534 2521 somnum
549 2465 734 2535 inquietum«
761 2465 1041 2528 Praetereacollato
1056 2465 1211 2526 Homerico
1231 2465 1281 2524 illo

155 2556 244 2636 χῶαις
269 2554 297 2612 δ’
323 2554 502 2630 ἀπελάμπετο
531 2556 618 2632 πολλῆ
646 2559 733 2616 ctiam
759 2557 875 2635 κεράων
904 2557 933 2615 δ’
961 2557 1142 2635 ἀπελάμπετο
1170 2558 1280 2634 κόσμος

158 2648 382 2720 commendavit,
406 2649 545 2721 probatus
566 2650 741 2710 Schneidero
766 2670 795 2724 p.
816 2661 886 2725 430,
912 2660 1027 2711 secutus
1048 2670 1066 2711 c
1086 2654 1223 2725 Lehrsio,
1251 2659 1281 2711 et

157 2749 317 2817 praeeunte
342 2749 460 2814 praeter
484 2742 625 2802 lulianum
651 2746 738 2802 etiam
764 2745 878 2805 Graefio
904 2764 931 2819 p.
960 2753 1024 2805 255.
1057 2779 1090 2789 -
1123 2746 1282 2806 Schneider

156 2853 185 2910 p.
201 2844 257 2896 429
271 2838 300 2893 in
315 2837 489 2894 Mutinensis
510 2838 577 2896 libri
598 2840 747 2911 scripturis
768 2837 1001 2915 ὑπατραφίζοοσα
1021 2847 1050 2898 et
1070 2835 1174 2896 ὤπασα
1193 2835 1224 2894 δ’
1237 2835 1281 2916 ἠῶ

158 2932 231 2990 nihil
250 2933 342 2991 latere
361 2937 441 2990 recte
462 2932 602 3001 iudicans,
622 2934 742 2990 alteram
764 2950 876 3005 quoque
896 2935 980 2992 buius
1001 2935 1108 2994 codicis
1128 2935 1282 2992 lectionem

157 3023 309 3103 πσρηαραν,
336 3043 421 3098 quam
439 3027 595 3100 Hermann,
615 3028 745 3086 Helenae
765 3028 864 3086 dicens
884 3035 997 3087 noctem
1019 3028 1134 3087 dedisse
1153 3043 1281 3087 somnum

156 3119 369 3192 inquietum,
389 3120 531 3192 probavit,
551 3127 630 3179 recte
651 3123 762 3193 reiecit,
782 3138 847 3179 nam
871 3121 924 3180 »de
937 3122 1050 3180 Helena
1067 3125 1139 3180 haec
1158 3122 1282 3193 intelligi

160 3214 286 3272 voluisse
306 3220 422 3286 poetam
442 3229 478 3271 ne
499 3228 554 3271 uno
575 3215 691 3285 quidem
711 3215 798 3273 verbo
819 3215 974 3273 indicatum
996 3221 1048 3286 est,
1072 3217 1128 3274 imo
1149 3231 1224 3287 quae
1245 3214 1282 3272 dc

156 3306 269 3365 duabus
291 3308 464 3366 somniorum
484 3309 576 3379 portis
597 3324 662 3366 mox
687 3308 821 3366 dicuntur
846 3309 923 3366 clare
950 3307 1054 3366 docent
1074 3310 1131 3380 [tl]
1161 3324 1281 3380 genere·

157 3399 226 3458 liter
246 3401 319 3458 haec
339 3402 435 3459 omnia
456 3416 520 3458 esse
539 3400 619 3458 dicta
638 3401 676 3459 ad
696 3401 879 3459 indicandum
893 3408 1006 3474 tempus
1021 3418 1076 3473 quo
1091 3418 1154 3472 cum
1168 3402 1282 3459 Helena

156 3492 240 3552 Paris
257 3494 337 3552 abiit.
359 3495 519 3552 arctissime
534 3497 608 3553 enim
627 3496 699 3554 haec
713 3512 777 3553 cum
791 3513 816 3551 v.
831 3502 887 3553 322
903 3495 1049 3566 [editionis
1064 3495 1280 3567 Beklrerianae]

157 3585 324 3659 cohaerent,
348 3593 468 3644 utente
488 3586 563 3644 hunc
582 3602 695 3644 versum
716 3585 898 3644 incidendum
919 3588 1032 3646 sitnon
1053 3588 1176 3646 maxima
1195 3588 1282 3644 inter·

156 3680 324 3752 punctione,
350 3680 402 3738 sed
427 3679 539 3751 media,
565 3680 641 3752 quod
666 3683 690 3739 si
711 3681 748 3738 ad
769 3696 867 3739 omnes
892 3681 1021 3739 homines
1044 3679 1213 3739 referendus
1235 3687 1281 3739 est

159 3766 316 3836 describe
336 3771 493 3850 παρήορος,
519 3780 602 3847 patet
626 3791 682 3833 non
707 3779 805 3847 aptum
828 3790 892 3832 esse
912 3774 990 3831 istud
1010 3775 1101 3832 somni
1121 3775 1280 3846 epitheton.

154 3881 209 3924 nec
228 3867 320 3937 magis
341 3872 440 3939 aptum
460 3867 519 3926 dici
532 3873 629 3941 potest
639 3866 781 3946 μετηορον
794 3867 847 3926 sed
860 3869 1039 3940 aptissimum
1053 3873 1098 3925 est
1110 3865 1281 3945 παρηχορον,

156 3959 232 4031 qnod
254 3960 441 4019 eMutinensi
462 3963 585 4022 lectione
606 3963 776 4020 eliciendum
795 3967 958 4035 putamus«
990 3963 1099 4035 Recepi
1119 3962 1194 4021 hanc
1214 3980 1280 4023 con·

154 4054 305 4126 lecturam,
326 4054 378 4112 sed
399 4070 474 4133 quac
491 4063 646 4129 praeterea
659 4057 780 4129 protulit
794 4055 960 4130 Schneider,
981 4057 1105 4130 prebere
1119 4074 1176 4116 non
1188 4057 1282 4130 potui.
