2880 4606
623 390 813 452 -6-

156 576 201 643 ad
221 574 490 658 praestantissimi
505 572 623 639 codicis
637 573 826 639 Mutinensis
848 595 869 638 a
891 595 924 639 se
945 573 1049 657 primo
1072 575 1154 638 mira
1176 573 1281 656 negle-

157 686 266 769 gentia
278 685 386 750 collati
400 684 496 749 fidem
516 683 618 749 edidit
632 685 792 767 auxitque,
810 685 888 748 etin
905 685 989 748 notis
1004 704 1058 748 eos
1073 682 1179 748 Nonni
1193 684 1280 748 locos

101 882 105 888 Ι
153 795 320 876 indicauit,
345 815 424 878 quos
447 815 467 858 a
490 793 638 859 Collutho
658 799 821 877 respectos
837 783 906 860 esse
921 794 1001 858 vidit
1015 794 1178 859 indefessa
1194 797 1281 860 Wer-

153 905 232 971 nilrii
261 905 434 988 diligentia.
487 907 535 970 Ex
563 924 622 967 sua
640 904 740 986 ipsius
763 905 945 968 coniectura
967 903 1095 967 Beklrer
1113 904 1179 969 fere
1201 904 1281 967 nibil

154 1015 302 1091 mutavit,
323 1034 427 1097 neque
451 1014 529 1079 locis
558 1013 831 1097 depravatissimis
857 1013 906 1077 vel
929 1019 1040 1078 contra
1063 1019 1201 1078 metrum
1223 1035 1282 1095 pu-

155 1126 324 1209 gnantibus
346 1126 485 1189 animum
508 1125 673 1190 advertere
696 1125 804 1191 voluit.
838 1125 930 1189 Hanc
944 1125 1118 1189 editionem
1134 1125 1187 1188 vix
1203 1123 1278 1187 duo-

155 1234 214 1301 bus
240 1237 319 1301 locis
345 1240 502 1300 mutatam
530 1237 633 1319 repeti
653 1237 782 1301 curavit
804 1235 841 1300 G.
859 1235 899 1299 H.
923 1234 1075 1299 Scbaefer
1098 1235 1225 1316 Lipsiae
1248 1255 1280 1298 a.

158 1349 238 1413 1823
260 1347 343 1431 typis
366 1347 585 1428 Weigelianis,
616 1347 670 1430 qui
692 1347 792 1411 etiam
815 1345 1021 1429 Neapolitani
1043 1345 1161 1410 codicis
1185 1345 1279 1410 colla-

153 1457 269 1522 lionem
292 1458 397 1523 nescio
419 1478 516 1540 aquo
528 1457 802 1540 neglegentissime
817 1457 994 1522 confectam
1015 1457 1142 1520 adiecit.
1188 1456 1281 1520 11115ὲ

156 1566 229 1632 dem
254 1566 392 1632 Bekkeri
414 1567 551 1649 vestigiis
572 1567 721 1632 insistens
745 1569 780 1630 Α.
804 1567 959 1632 Stanislas
976 1567 1081 1632 Julian
1097 1566 1279 1630 Colluthum

155 1677 256 1743 edidit
278 1676 409 1740 Parisiis
441 1696 470 1740 a.
495 1679 592 1755 1823,
622 1677 655 1740 in
685 1698 749 1760 qua
779 1676 916 1741 editione
946 1679 1084 1742 correxit
1114 1697 1238 1741 errores
1260 1698 1282 1740 a

154 1785 304 1852 Bekkero
329 1786 363 1850 in
392 1786 606 1852 exscribendis
635 1788 787 1870 Lennepii
814 1788 899 1852 notis
926 1789 1129 1865 commissos,
1163 1788 1280 1851 iterum

157 1898 292 1972 contulit
320 1897 400 1962 duos
423 1898 548 1962 codices
569 1893 728 1963 Parisinos
752 1897 838 1981 (Pet
854 1901 893 1982 Q)
918 1919 1088 1980 eorumque
1110 1898 1280 1980 imaginem

154 2007 232 2073 satis
253 2007 382 2072 fidelem
403 2007 558 2087 adiunxit,
582 2007 711 2072 addidit
733 2029 788 2072 sex
803 2010 974 2087 versioneS,
997 2009 1158 2085 Latinam,
1183 2007 1279 2070 Fran-

155 2118 355 2201 cogallioam,
377 2118 533 2198 Italicam,
556 2119 773 2202 Hispanioam,
797 2120 1030 2197 Germanicam,
1055 2125 1087 2183 et
1108 2124 1218 2197 notas,
1248 2119 1280 2180 in

155 2228 268 2313 quibus
288 2228 430 2312 priorum
445 2230 658 2312 interpretum
674 2236 706 2294 et
721 2231 903 2296 criticorum
920 2231 1095 2295 sententias
1110 2251 1172 2293 non
1188 2229 1281 2292 nimis

155 2337 359 2422 neglegenter
381 2340 578 2404 enumeravit
597 2344 629 2404 et
646 2340 798 2405 nonnulla
813 2344 919 2406 textus
934 2342 1012 2404 vitia
1035 2340 1208 2405 emendare
1230 2360 1280 2404 co·

155 2452 249 2514 natus
279 2454 337 2515 est.
383 2450 553 2533 Aliquanto
580 2449 656 2533 plus
686 2450 797 2529 credo,
826 2451 926 2514 Inlien
954 2450 1156 2533 profecisset,
1185 2450 1212 2512 si
1240 2448 1281 2512 le-

155 2558 252 2642 gisset
275 2581 314 2624 ea
335 2580 418 2642 quae
442 2580 667 2643 nonnunquam
692 2560 874 2625 felicissima
889 2559 1036 2625 Graefius
1051 2559 1207 2623 Demetrii
1222 2558 1282 2624 Po·

146 2669 247 2752 poffii
271 2670 545 2737 observationibus
566 2670 600 2734 in
620 2671 802 2736 Colluthum
824 2671 1013 2753 conscriptis
1037 2669 1094 2734 sed
1116 2689 1280 2750 nunquam

155 2783 192 2845 ut
213 2778 338 2844 videtur
359 2779 444 2862 typis
466 2780 627 2844 mandatis
652 2780 694 2845 ad
714 2781 797 2844 huno
810 2779 956 2844 laborem
972 2780 1130 2845 excitatus
1153 2779 1196 2842 ad
1213 2778 1283 2845 Col-

155 2888 279 2954 luthum
306 2889 539 2954 emendandum
569 2890 808 2973 excogitaverat
830 2889 879 2954 vel
901 2889 988 2954 haud
1010 2891 1057 2953 ita
1078 2909 1155 2954 raro
1178 2888 1283 2952 hario-

155 2996 240 3062 latus
271 2997 378 3080 potius
405 3003 477 3064 erat
497 2997 659 3092 Petropoli
690 3021 719 3064 a.
745 3001 836 3081 1818,
865 3020 946 3083 quae
968 2999 1109 3082 repetita
1135 2999 1285 3081 leguntur

155 3106 189 3171 in
210 3106 297 3172 calce
318 3106 466 3172 editionis
487 3108 712 3201 Lennepianae
731 3109 935 3175 aSohaefero
958 3115 1090 3174 curatae
1114 3113 1157 3192 (p.
1172 3112 1283 3173 241-

156 3218 243 3301 260).
286 3216 388 3282 Multo
409 3218 503 3300 plura
521 3239 603 3302 quae
617 3219 749 3301 probari
761 3221 891 3302 possint
905 3219 1040 3302 protulit
1056 3219 1187 3284 Godofr.
1203 3219 1285 3283 Her-

155 3345 254 3412 mann
286 3326 321 3392 in
358 3327 662 3395 »Emendationibus
698 3329 847 3395 Goluthi‹
885 3330 1026 3415 (Lipsiae
1058 3330 1155 3412 1828)
1193 3330 1283 3396 cuius

155 3435 284 3507 inventa
313 3436 538 3503 audacioribus
565 3438 755 3522 quibusdam
786 3445 910 3505 tantum
939 3439 1065 3506 reiectis
1088 3440 1155 3504 fere
1178 3440 1285 3505 omnia

155 3546 189 3627 in
222 3550 345 3613 textum
376 3549 499 3631 recepit
526 3549 561 3614 F.
583 3549 614 3614 8.
641 3550 742 3616 Lebrs
778 3550 832 3634 qui
869 3551 902 3615 in
932 3551 1040 3634 prime
1069 3551 1209 3615 editione
1239 3552 1282 3633 (.

159 3659 241 3738 1840
261 3658 296 3723 in
311 3658 495 3725 collectione
511 3658 683 3725 Didotiana
698 3680 769 3725 cum
785 3661 938 3741 Hesiodo,
963 3661 1079 3738 Quinto
1098 3663 1283 3743 Smyrnaeo,

157 3767 327 3852 Apollonio
342 3767 478 3846 Rhodio,
499 3770 639 3852 Musaeo,
662 3772 893 3855 Tryphiodoro,
916 3773 1043 3854 Tzetza)
1067 3771 1108 3836 de
1125 3793 1182 3837 suo
1205 3771 1285 3836 nihil

156 3877 221 3943 fore
237 3878 371 3960 addidit,
394 3879 427 3945 in
443 3882 583 3947 secunda
593 3887 701 3949 autem
717 3883 891 3949 eorundem
915 3883 1108 3966 scriptorum
1134 3882 1283 3961 editione,

157 4006 240 4071 quae
261 4009 346 4056 anno
362 3992 444 4056 1842
466 3990 624 4079 prodiisse
647 3994 771 4070 dicitur,
793 3994 873 4059 duos
889 3993 1030 4060 colluthi
1051 4014 1162 4059 versus
1179 3992 1284 4058 aMu-

156 4098 272 4171 deensi
300 4099 494 4183 librosolo.
509 4109 653 4172 servatos
682 4110 716 4181 et
741 4124 761 4170 a
783 4103 909 4173 Milloro
930 4105 1037 4189 primo
1059 4103 1219 4171 indicatos
1243 4142 1282 4152 -
