2880 4606
613 335 828 397 ..31-

154 526 316 586 acolutho
341 530 438 583 tamen
463 521 625 597 profectum
653 537 712 581 non
741 520 885 580 videtur«.
923 519 1054 579 Graefius
1081 521 1131 591 qui
1156 517 1209 576 δαί
1228 535 1284 578 non

155 636 220 679 esse
233 620 336 679 horum
350 625 504 691 poetarum
525 621 605 675 reete
625 616 744 688 monuit,
766 614 798 672 τί
812 611 839 671 δ’
864 609 910 687 αὖ,
933 631 1007 686 »quo
1028 619 1059 673 et
1080 614 1173 672 altera
1192 614 1285 673 lectio

155 710 181 769 δ’
204 709 239 770 ἂν
259 712 367 785 duait«,
388 711 511 770 coniecit
530 726 558 782 p.
574 715 629 767 242
651 713 681 767 et
696 708 833 767 Observa.
854 709 930 767 eritt.
951 707 982 766 in
995 707 1156 781 Trypbiod
1174 722 1202 780 p.
1219 712 1284 766 233.

154 838 192 850 -—
207 805 226 864 9
241 802 310 884 ἀργ.
326 822 361 864 ex
375 824 443 882 αργ.
457 804 490 862 Μ
502 811 528 876 2,
543 799 812 882 ἀργοικόκωνΑΙό.
827 820 854 874 ο;
875 817 948 862 corr.
965 802 1054 860 etiam
1066 799 1168 859 Perdr.
1183 799 1285 859 πόντον

156 967 192 1010 ex
204 969 308 1009 παντυν
318 950 351 1008 Μ
365 959 396 1024 2;
418 947 498 1027 γαίαν
511 949 581 1020 LP3
601 945 679 1024 ὀρίνη
692 946 758 1020 ΜΡ,
769 944 861 1023 ὀρίνει
874 946 907 1020 Q,
923 910 1011 1024 όρίνέι
1023 947 1092 1007 NR.
1108 945 1170 1004 τίνα
1182 943 1285 1004 πόντον

156 1041 229 1119 όμοό
250 1041 299 1100 καὶ
319 1046 400 1119 γαῖαν
420 1040 513 1119 ὄρινεν
534 1042 650 1114 scripsit
670 1041 811 1112 probante
825 1041 960 1101 Harlesio
975 1041 1067 1100 Lenn.
1081 1057 1146 1099 oum
1166 1042 1286 1113 vulgata

159 1136 361 1197 »nullomodo
382 1137 561 1196 commodum
584 1135 740 1194 admittant
763 1150 910 1203 sensum«,
930 1150 1069 1206 suamque
1090 1135 1286 1194 coniecturam

160 1231 184 1301 Q
203 1228 271 1288 libri
297 1232 441 1304 scriptura
471 1225 560 1306 ὀρίνει
582 1227 690 1288 firmari
717 1228 887 1300 crediderit;
915 1228 1070 1288 »facillimo
1091 1231 1167 1288 enim
1187 1243 1286 1288 errore

158 1339 173 1381 e
193 1324 280 1382 litera
298 1325 326 1382 N
346 1325 439 1383 altero
462 1324 556 1382 latere
584 1339 682 1395 eraso,
707 1323 778 1382 oriri
803 1329 902 1396 potest
921 1323 949 1396 Ι,
976 1323 1052 1395 quod
1077 1324 1107 1380 in
1132 1322 1286 1382 codicibus

157 1433 244 1475 manu
265 1419 382 1492 seriptis
402 1434 459 1477 non
479 1433 546 1475 raro
567 1415 719 1487 accidisse,
738 1431 832 1488 nemo,
853 1416 902 1487 qui
917 1431 966 1474 eos
981 1416 1071 1476 ooulis
1090 1415 1285 1489 usurpaverit,

158 1509 264 1568 infitias
278 1511 361 1568 ibit«.
390 1511 545 1584 Vulgatam
560 1507 690 1568 defendit
708 1507 839 1566 Beklrer:
867 1508 988 1567 »eadem
1004 1515 1150 1568 struotura
1164 1510 1286 1569 Nonnus

159 1610 205 1676 11,
216 1609 272 1663 288
286 1603 317 1660 τί
324 1602 415 1681 χρέος
428 1599 469 1682 ἦν,
488 1603 532 1661 θνα
545 1601 647 1660 πόντον
661 1596 806 1682 ιλμείλιχον
820 1599 996 1682 ἡνιοχεθηςα.
1016 1637 1048 1645 —
1072 1603 1111 1662 10
1132 1604 1215 1663 colon
1229 1618 1286 1662 om.

158 1694 223 1755 MR
248 1703 277 1755 et
302 1696 369 1756 fort.
390 1698 441 1775 alii
461 1697 544 1757 codd.
569 1691 675 1773 ὠγυγίη
693 1697 735 1770 Μ,
761 1696 887 1767 Beldrer,
913 1703 943 1755 et
968 1698 1031 1754 rell.
1057 1695 1131 1768 edd,
1154 1691 1287 1772 ὠκυπέτη

158 1790 241 1849 oodd.
263 1791 334 1849 dett.
358 1796 388 1849 et
414 1789 479 1849 edd.
505 1797 573 1849 ante
598 1791 792 1865 Lennepium‚
820 1791 869 1863 qui
899 1790 1061 1862 Dausqueii
1091 1790 1287 1850 coniecturam

159 1880 309 1961 ὠκυπέτης
333 1885 445 1958 recepit
470 1888 500 1942 et
525 1883 621 1942 addit:
659 1883 736 1943 »Gur
760 1890 856 1943 tamen
888 1891 917 1943 et
942 1884 1014 1942 illud
1040 1885 1095 1943 sibi
1121 1888 1287 1957 suspectum

159 1977 275 2049 dixerit,
296 1992 413 2035 oausam
433 1979 489 2036 nisi
509 1979 684 2036 levissimam
704 1977 797 2039 video.
833 1978 864 2037 Si
883 1977 958 2038 forte
978 1976 1088 2051 aliquid
1108 1976 1287 2050 tentandum,

158 2086 215 2130 non
242 2071 366 2128 alienum
392 2067 482 2130 foret:
512 2069 591 2128 »τίνα
615 2070 716 2128 πόντον
741 2069 813 2146 ὁμοῦ
839 2070 887 2127 καλ
913 2074 993 2146 γαῖαν
1019 2069 1111 2147 ὄρινεν
1141 2069 1289 2136 Βουκόλος

160 2158 323 2239 ὠκυπέτης·
346 2161 389 2226 τίς
409 2161 437 2216 δ’
458 2157 560 2219 ἔπλετο
579 2162 691 2226 νείκεος
711 2159 796 2240 οξυχὴ.
826 2162 1018 2222 velocitatem
1036 2163 1136 2222 Paridi
1157 2165 1288 2237 apprime

160 2257 322 2327 convenire,
342 2260 403 2313 tum
424 2255 500 2326 quod
522 2272 620 2315 amore
640 2257 669 2313 in
690 2271 747 2328 quo
766 2257 847 2314 nulla
866 2272 992 2327 unquam
1012 2273 1094 2316 mora
1114 2255 1209 2328 datur,
1236 2254 1289 2313 fla·

160 2355 268 2423 graret
289 2356 349 2407 tum
371 2348 447 2420 quod
468 2351 569 2410 velox
593 2349 746 2411 admodum
766 2349 862 2418 fuerit,
884 2351 1000 2422 liquet«
1039 2351 1193 2410 Caeterum
1214 2344 1288 2425 ὠγυ·

161 2442 220 2520 γίην
239 2438 333 2522 ἀρχήν
352 2460 405 2516 pro
419 2441 533 2522 πρώτην
552 2440 645 2524 ἀργήν
659 2444 867 2504 nimis'tumide
881 2444 990 2504 dietum
1004 2461 1069 2504 esse
1088 2450 1178 2514 ratus,
1199 2444 1289 2502 Tour-

163 2537 227 2596 nier
245 2544 306 2610 pa
328 2532 432 2614 ὠλυγίη
457 2555 510 2611 pro
536 2535 642 2616 ὠγυγίη
669 2540 806 2613 coniecit,
832 2540 936 2599 collato
961 2539 1107 2612 Hesychia
1133 2533 1288 2614 (ὠλυγίων

163 2630 332 2689 σκοτεινῶν·
354 2629 468 2689 κακῶν·
485 2633 623 2708 μακρῶν·
645 2629 750 2700 όξέων·
773 2631 920 2709 μεγάλων)
948 2632 979 2692 es
1000 2633 1115 2693 Scholia
1135 2634 1173 2692 ad
1192 2633 1288 2707 Apoll.

162 2723 217 2783 Rh.
232 2724 273 2782 IV
288 2732 362 2784 1258
389 2723 570 2802 (Διωλυγίης
598 2726 761 2803 σκοτεινῆς·
787 2719 805 2802 ἢ
826 2723 977 2802 διωλυγίης
995 2723 1059 2784 α’ντλ
1085 2725 1135 2782 τοῦ
1156 2722 1201 2783 ἐπὶ
1220 2723 1290 2783 πολὺ

162 2814 338 2896 διηκοόσης).
363 2851 402 2862 -
426 2818 667 2892 rchNPQW3
693 2817 805 2884 νεικέος
819 2821 858 2894 Q3
884 2815 961 2899 ἀρχη
976 2819 1023 2891 Μ;
1050 2852 1083 2861 -
1112 2817 1289 2877 11καιαθα-

162 2909 272 2969 νάτοισι
284 2912 331 2984 Μ;
352 2908 565 2987 θεμιστεύσωσι
578 2912 620 2986 Μ,
635 2911 761 2986 Bekker‚
783 2918 814 2971 et
826 2914 889 2971 rell.
906 2913 981 2985 edu,
997 2909 1192 2989 depresserimus
1205 2912 1288 2973 codd.

162 3006 233 3065 dett.
256 3011 287 3065 et
307 3005 374 3065 edd.
394 3011 463 3066 ante
478 3005 621 3080 Beklrer.;
642 3007 745 3085 νομῆες
765 3023 800 3066 ex
821 3007 908 3084 νομῆς
927 3024 963 3066 m.
979 3024 1023 3080 pr.
1044 3007 1074 3064 in
1089 3006 1225 3067 o.-1a
1247 3026 1291 3074 τις

161 3099 195 3156 δε
208 3100 243 3158 M
248 3118 256 3171 ;
276 3098 443 3179 δικασπολίη
456 3100 497 3171 A3
518 3094 605 3158 ἔκλυε
621 3100 751 3174 OLNP3
772 3098 881 3178 νύμφης
896 3117 931 3159 ex
945 3096 1063 3178 νόμρεις
1075 3100 1116 3159 Μ.
1131 3100 1219 3161 -1s
1240 3101 1289 3179 (ξω

163 3210 240 3269 γειης
253 3193 286 3251 Μ
302 3199 327 3267 1,
349 3187 467 3270 ἀργειης
479 3192 513 3250 Μ
528 3200 553 3250 2.
564 3225 602 3236 -
612 3189 748 3271 Ἀργείης·
770 3191 846 3271 ἀτὰρ
860 3190 948 3251 αὐταί
955 3195 1041 3254 metri
1053 3195 1187 3253 nimirum
1201 3211 1290 3255 causa

162 3286 235 3345 ooni.
256 3285 397 3345 Werniko
423 3285 461 3344 ad
486 3286 593 3360 Tryph.
620 3304 648 3360 p.
669 3295 730 3360 39.;
754 3284 926 3365 ἐθηήσασθε
943 3289 1008 3347 Μ2
1036 3305 1071 3348 ex
1095 3285 1288 3366 ἐθηήσασθαι,

320 3391 333 3421 ε

162 3424 346 3506 ἐθηήσασθοι
361 3430 385 3502 Q
406 3435 491 3503 (sorr.
506 3450 543 3491 m.
557 3436 643 3506 reo.);
661 3430 809 3509 μολούσας
823 3434 896 3494 ooni.
912 3434 1149 3494 Hemsterhusius
1169 3434 1289 3493 innotis

100 3580 103 3585 .
162 3521 200 3581 ad
221 3521 379 3583 Luoianum
398 3525 507 3584 Toml
526 3543 554 3599 p.
570 3533 625 3586 252
646 3531 676 3584 et
693 3525 813 3599 Lennep
831 3526 861 3583 in
880 3527 970 3598 notis,
991 3526 1055 3585 ubi:
1082 3525 1132 3586 »Si
1152 3526 1289 3599 vulgatae

163 3615 312 3687 standum,
339 3618 376 3677 de
396 3619 467 3693 ipsis
488 3618 628 3692 Nymphis
648 3619 781 3679 Troianis
811 3620 885 3678 haee
909 3619 1112 3692 intelligenda:
1142 3620 1168 3677 si
1192 3624 1290 3678 tamen

162 3725 275 3768 meeum
294 3727 419 3786 reponas
437 3709 600 3788 μολούσας,
627 3714 664 3773 de
684 3712 794 3773 deabus
815 3714 938 3786 Iunone,
963 3713 1076 3773 Venere
1098 3719 1128 3772 at
1146 3712 1289 3787 Minerva,

163 3817 284 3874 quarum
297 3806 405 3864 mentio
418 3823 460 3865 vs.
477 3814 511 3866 11
526 3807 585 3866 iam
598 3805 685 3880 faeta,
706 3806 744 3866 ad
757 3806 839 3866 Idam
852 3807 1076 3881 properantibus
1095 3807 1160 3881 oapi
1174 3806 1289 3868 debet«.

163 3895 272 3955 Contra
285 3911 370 3968 quem
383 3897 482 3957 Herm.
502 3918 531 3974 p.
547 3909 574 3962 8.
590 3909 607 3962 9
630 3901 790 3979 »polonum
803 3903 829 3962 si
843 3919 879 3961 ex
892 3902 1106 3978 Hemsterhusii
1120 3903 1290 3964 coniectura

162 3991 192 4047 in
204 3985 353 4065 μολοόσος
364 3997 534 4068 mutaretur,
554 4002 641 4055 antea
655 3997 837 4056 seribendum
852 4000 916 4055 erat
936 3992 1105 4076 ἀθανάτησι.
1137 3996 1195 4057 sed
1208 4004 1289 4058 reete

162 4083 301 4143 librorum
321 4085 497 4160 scripturam
521 4090 648 4149 servavit
666 4091 809 4164 Iulianus,
836 4089 1024 4164 defenditque
1049 4108 1152 4153 censor
1171 4091 1289 4153 Heidel-
