2880 4606
671 295 900 358 -106-

223 483 333 543 habent
352 490 383 542 et
402 482 585 541 adulterinae
605 488 673 541 sunt
691 483 826 542 mulieres
841 484 1024 556 speciemque
1039 487 1153 542 tantum
1166 483 1278 543 habent
1289 497 1348 543 mu·

221 579 353 636 lienum«
395 578 476 636 Haec
503 576 618 648 quidem
645 576 817 649 Schneider,
843 592 927 649 quem
952 583 1068 636 secutus
1093 572 1167 655 ἦθος
1191 593 1245 650 pro
1271 573 1349 642 εἰθος

223 672 349 744 reposui.
373 703 403 712 -
427 668 491 728 306
513 687 624 728 εννεπεν
644 669 690 741 Μ;
710 667 763 747 ἠδὲ
782 670 824 742 Μ,
844 666 891 746 ἦθ’
915 671 972 729 NP
985 672 1041 741 λιι,
1067 670 1144 728 unde
1164 665 1210 747 ἦθ’
1235 672 1347 745 scripsi,

222 761 268 842 ἡδ’
299 765 363 822 rell.
389 763 473 823 codd.
499 767 529 821 et
554 762 635 833 edd.;
656 760 787 839 ῥάεσσαν
811 763 857 835 Μ;
883 762 1013 842 επιχθονί
1037 764 1084 835 Μ,
1109 760 1225 841 ὀπωπρν
1245 764 1292 836 Μ;
1312 795 1349 806 —·-

222 856 286 917 307
312 855 382 934 αἰῲα
401 858 448 929 Μ;
475 856 581 933 τόσσην
600 856 892 930 MAOLNPQR83
918 855 1095 933 θαμβῆσασα
1120 857 1203 917 codd.
1233 864 1264 917 et
1282 856 1348 916 edd.

225 968 340 1023 omnes,
361 947 536 1028 θορσροοσο
556 951 629 1008 oeni.
649 950 778 1008 Koenius
798 949 837 1007 ad
857 949 978 1022 Gregor.
1001 950 1129 1009 Corinth.
1155 968 1184 1024 p.
1206 953 1258 1023 97,
1283 967 1348 1024 pro

226 1045 306 1104 bavit
325 1046 431 1104 Harles
452 1051 482 1103 et
503 1043 660 1102 Schneider
680 1062 708 1116 p.
730 1050 795 1117 444,
822 1059 888 1102 narn
916 1043 980 1102 ahie
999 1060 1056 1103 non
1080 1045 1138 1103 iam
1159 1049 1205 1104 est
1225 1043 1348 1103 admira·

225 1139 297 1197 tioni
315 1139 405 1210 locus,
427 1138 476 1196 ubi
496 1138 566 1196 dicit
586 1138 700 1195 Helena
719 1139 794 1195 velle
815 1155 856 1209 se,
878 1139 903 1195 si
923 1154 1026 1196 revera
1047 1135 1089 1196 ex'
1101 1137 1190 1196 Troia
1209 1139 1249 1196 sit
1269 1145 1347 1197 ortus

225 1231 324 1302 Paris,
346 1233 414 1289 illuc
435 1247 499 1289 eum
520 1231 609 1301 sequi.
651 1246 725 1301 quae
745 1247 801 1289 non
823 1230 993 1288 admirantis
1013 1228 1080 1289 sunt
1100 1231 1202 1302 verba,
1228 1232 1280 1289 sed
1299 1230 1348 1292 ho-

223 1326 308 1382 minis
328 1324 497 1383 confidentis
517 1329 547 1382 et
565 1324 602 1382 ad
617 1325 746 1396 pericula
761 1324 912 1383 subeunda
932 1325 1083 1397 promptia
1117 1325 1181 1396 Ego
1201 1325 1348 1398 vulgatam

221 1419 337 1489 retinui,
359 1434 421 1476 eum
443 1419 594 1488 sequentia
608 1418 738 1476 Helenae
759 1418 849 1476 verba
871 1434 941 1475 sane
956 1417 1125 1476 admirantis
1140 1419 1205 1488 sint,
1227 1425 1256 1477 et
1277 1416 1348 1495 θορ-

219 1508 338 1588 βήσασα
359 1511 445 1567 etiarn
464 1527 508 1567 νν.
524 1513 578 1569 267
594 1517 623 1568 et
638 1517 692 1568 373
708 1508 895 1581 defendatur3
916 1543 952 1551 —
974 1509 1140 1567 άνενεικοιτο
1159 1510 1205 1582 Μ;
1228 1544 1264 1553 -
1286 1510 1348 1570 308

222 1600 292 1658 πότε
313 1603 359 1677 Μ;
380 1600 509 1662 πυθμένα
528 1603 561 1659 Μ
581 1602 707 1674 Behker,
727 1603 830 1661 Lehrs.
870 1604 933 1675 Ego
955 1620 1018 1661 oum
1039 1604 1150 1663 Iuliano
1173 1605 1350 1676 reliquorum

224 1694 355 1754 codicum
376 1696 475 1772 τείχεα
495 1697 615 1769 retinui,
643 1714 706 1755 cum
732 1714 845 1755 sensum
870 1698 1012 1770 praebeat
1036 1700 1177 1771 aptiorem
1198 1703 1229 1756 et
1249 1697 1350 1776 τείχεσ

222 1786 331 1865 πάτρης
345 1789 431 1846 etiarn
446 1789 475 1845 in
491 1790 569 1846 exitu
584 1805 683 1847 versus
699 1792 752 1848 287
768 1791 891 1861 legatur.
906 1823 943 1833 -
957 1788 1021 1848 309
1037 1789 1070 1846 τὸ
1084 1788 1145 1866 arola
1156 1790 1351 1864 MAGLNQR

222 1881 355 1954 Bekher,
376 1882 484 1954 Lehrs‚
509 1881 546 1938 τὰ
565 1881 626 1958 πρίν
646 1883 740 1941 PSW
761 1890 790 1941 et
811 1885 872 1942 rell.
895 1883 974 1954 edd,
997 1884 1083 1941 etiam
1103 1883 1205 1941 Iulian.
1228 1916 1263 1924 -
1285 1883 1348 1941 εθο

222 1966 406 2052 prouerbii,
427 1972 601 2054 ἐδωμήσοτο
618 1977 684 2048 Aa.
715 1976 785 2036 Post
804 1978 880 2035 hune
899 1993 1012 2035 versum
1025 1977 1224 2048 interrogandi
1238 1979 1349 2050 signum

225 2076 383 2143 posuerunt
411 2069 530 2128 Bekker
564 2077 594 2129 et
623 2071 728 2143 Lehrs‚
765 2071 841 2142 quod
876 2072 1048 2145 improbavit
1077 2072 1183 2144 Iulien,
1213 2088 1279 2131 sero
1308 2073 1349 2129 in·

225 2166 367 2236 tellegens
389 2169 512 2240 (p.140)
533 2160 636 2242 ἤθελον
657 2166 773 2225 hicnon
794 2182 847 2239 pro
868 2166 983 2236 volui,
1006 2165 1057 2223 sed
1077 2181 1130 2238 pro
1152 2165 1281 2223 vellem
1301 2181 1350 2239 po·

224 2259 310 2316 situm
332 2273 405 2315 esse.
426 2289 464 2300 -
484 2254 545 2316 310
570 2255 655 2314 θέλον
676 2258 721 2328 Μ;
748 2255 774 2333 γ’
800 2252 955 2314 ἀθανάτων
977 2258 1016 2329 G3
1042 2257 1207 2332 δεδάλμοιτα
1229 2257 1252 2316 O
1273 2262 1303 2316 et
1321 2279 1347 2329 π,

223 2353 271 2423 qui
293 2368 365 2409 corr.
386 2352 414 2407 in
440 2367 531 2423 marg.
552 2383 588 2392 -
610 2351 665 2408 311
686 2349 770 2425 νόμον
790 2352 822 2408 Μ
836 2355 876 2406 λιι
897 2352 1013 2424 Ubel.,
1040 2351 1116 2423 quod
1137 2357 1235 2409 temen
1255 2357 1349 2409 verte·

223 2451 291 2502 runt
310 2460 458 2518 pasena3
484 2441 568 2517 νομὸν
588 2445 650 2502 rell.
672 2445 755 2503 codd.
783 2452 812 2501 et
837 2447 923 2502 etiam
948 2446 1024 2518 edd,
1045 2451 1077 2502 ut
1102 2445 1224 2503 videtur.
1265 2441 1348 2511 νομιλν

223 2534 377 2612 λιγύπνοον,
400 2538 476 2609 quod
497 2538 855 2612 pascnalragrantia
869 2540 1098 2612 vertitLennep,
1119 2554 1254 2612 pasena
1268 2553 1348 2596 ven-

223 2636 303 2688 tosa
324 2632 471 2702 aliquanto
492 2634 593 2690 melius
609 2633 711 2702 Lehm,
733 2633 863 2706 ineptum
884 2648 947 2690 esse
968 2633 1041 2689 vidit
1055 2631 1213 2690 Schneider
1232 2648 1262 2705 p.
1278 2637 1347 2688 444:

227 2741 309 2782 »narn
323 2741 374 2782 our
393 2733 541 2785 ventosum
557 2727 737 2800 potissimum
749 2728 842 2785 lecum
853 2728 957 2800 Apollo
968 2727 1006 2783 ad
1017 2726 1193 2801 pascendum
1206 2725 1347 2797 eligeret?

225 2834 262 2876 an
283 2818 369 2875 alium
391 2819 518 2877 invenire
540 2837 604 2876 eum
624 2837 680 2878 nen
694 2821 824 2894 potuisse
845 2819 998 2893 putemus‘l
1024 2820 1126 2877 melius
1147 2819 1244 2878 omnia
1263 2818 1350 2876 hahe-

223 2911 295 2969 bunt
316 2912 364 2970 uhi
379 2929 434 2969 uno
449 2918 559 2971 mutato
575 2921 694 2971 accentu
709 2915 908 2987 scripserimus
929 2911 1217 2989 νόμον-λιγύπνοον,
1238 2918 1271 2969 ut
1284 2911 1351 2969 Pin·

223 3006 310 3063 darus
332 3006 404 3064 dicit
423 3006 521 3064 Isthm.
544 3015 597 3065 225
619 3005 751 3083 ἁδυπνόῳ
772 3004 806 3063 τέ
825 3027 863 3063 νιν
884 3004 1045 3072 ἀσπάζοντο
1071 3009 1157 3082 φωνᾷ
1180 3010 1211 3065 ct
1236 3005 1348 3080 Olymp,

225 3106 275 3171 13,
301 3105 337 3156 22
358 3096 441 3155 Μοίσ
468 3097 616 3165 ἁδύπνοος.
661 3102 718 3158 iam
744 3103 798 3159 hoc
824 3100 901 3159 dicet
927 3099 1089 3159 colluthus:
1115 3099 1220 3156 vellem
1248 3114 1351 3170 cogno·

223 3192 329 3250 vissern
345 3198 374 3250 et
388 3210 478 3268 opera
491 3195 541 3251 illa
556 3194 673 3253 deorum
690 3201 719 3252 et
740 3200 881 3252 acutum
899 3193 1040 3268 Apollinis
1062 3208 1212 3265 carmen,
1233 3191 1350 3263 quando

223 3292 290 3344 ante
319 3293 417 3361 portas
449 3294 619 3359 sequeretur
642 3288 756 3346 boves«
787 3321 818 3328 —
854 3284 914 3342 οἷον
940 3283 1175 3360 θμοιολιμύπνοον
1199 3285 1246 3357 Μ,
1272 3283 1349 3341 unde

227 3378 369 3454 οἰονόμοιο
390 3397 443 3454 pro
464 3382 640 3452 reliquorum
661 3381 789 3439 codicum
813 3386 841 3438 et
863 3380 1002 3438 editorem
1018 3376 1160 3434 οἰοπόλοιο
1178 3381 1351 3452 receperunt

223 3472 355 3545 Bekher,
381 3472 488 3543 Lehrs3
515 3479 608 3546 recte,
635 3490 699 3531 oum
724 3470 867 3539 οἰοπόλοιο
892 3473 969 3546 apud
994 3478 1124 3530 nostrum
1149 3487 1206 3529 non
1233 3472 1290 3529 nisi
1314 3469 1353 3529 ds

223 3567 310 3624 rebus
331 3566 464 3623 inanimis
486 3566 608 3625 dicatur.
638 3564 781 3623 οἰοπόλοιο
796 3572 916 3641 prepter
928 3567 1075 3636 ingratum
1088 3566 1121 3623 M
1136 3565 1203 3623 libri
1217 3564 1352 3622 lectionis

224 3676 324 3718 sonum
349 3660 469 3717 retinuit
494 3660 595 3717 Iulien.
623 3692 656 3700 -
679 3656 739 3716 312
765 3656 837 3714 θεοῦ
858 3656 996 3732 μεγάλοις
1021 3674 1073 3729 pro
1100 3652 1285 3732 θεοδμήτοισι
1310 3653 1354 3727 (λς

222 3783 469 3863 παραπροθύροισι
493 3786 540 3858 Μ,
565 3786 725 3863 προμρλῇσι
750 3785 915 3856 AOLNQ,
942 3747 1100 3862 προμτῖλῆσι
1125 3785 1165 3856 R,
1191 3781 1356 3860 προμολῇσι

223 3880 363 3953 PSVW,
384 3888 414 3939 et
435 3880 500 3939 edd.
520 3881 586 3938 inde
601 3897 618 3938 a
632 3881 796 3952 Lennepio;
817 3881 952 3949 antiquae
974 3877 1039 3935 edd.
1060 3875 1222 3954 προβολῇσι
1242 3877 1353 3935 habue-

223 3980 299 4030 runt.
345 3975 378 4031 M
402 3975 468 4032 libri
494 3971 664 4051 προθύροισι
689 3972 926 4046 praeferendum,
954 3977 983 4029 et
1010 3970 1187 4029 deteriorum
1213 3969 1354 4029 librorum
