2880 4606
615 331 825 391 ..41-

158 517 272 575 scatere
292 519 441 586 reputans,
463 529 480 572 a
501 530 547 573 me
567 514 724 587 impetrare
745 532 801 575 non
822 517 913 588 potui,
933 523 967 576 ut
984 534 1077 590 neque
1091 519 1219 592 ineptam
1233 535 1282 577 ne·

158 621 214 678 qne
235 603 380 664 difficilem
396 606 540 680 Lennepii
560 608 756 667 coniecturam
776 626 832 669 non
853 610 908 668 nisi
921 615 1042 683 propter
1054 611 1088 669 M
1100 611 1168 670 libri
1181 611 1281 671 sordes

158 701 325 771 spreverim.
363 700 432 758 »Vir
446 701 552 760 doctus
574 701 611 761 ad
624 701 690 760 ΑΜ.
705 702 760 761 Ed.
783 703 986 762 emendaverat
1005 699 1149 779 ἐδράξατο
1169 701 1281 780 πέτρην,

158 791 268 862 absque
288 794 464 852 necessitate
485 794 546 852 ulla
565 811 622 852 uon
642 799 763 867 tantum,
783 795 942 854 sedetiam
962 800 1063 855 contra
1079 801 1184 868 poetae
1204 812 1281 854 men·

157 891 225 957 tem,
246 886 296 955 qui
314 886 442 944 insimili
462 903 495 944 re
515 891 562 945 ter
579 887 726 944 minimum
745 887 864 946 verbum
883 886 1055 964 ἐφράσσατο
1069 889 1224 947 inculcavit
1247 897 1279 946 ut

157 994 182 1036 v.
199 984 234 1036 56
256 984 285 1036 et
306 986 375 1051 θοι,
401 980 507 1038 Lenn.
531 1012 564 1021 -
587 980 729 1038 Tournier
747 997 776 1053 p.
797 987 831 1038 12
856 988 923 1052 post
944 982 1023 1040 varia
1043 983 1201 1041 tentamina
1222 977 1281 1052 (οὖ-

158 1068 194 1127 λά
208 1090 248 1141 τε,
270 1066 364 1143 οὖλον)
386 1089 439 1146 pro
453 1070 522 1129 οὐδέ
534 1091 567 1129 τε
582 1073 628 1131 vel
642 1069 703 1129 οὐδ’
721 1092 749 1146 α,
770 1074 799 1130 in
819 1067 887 1152 οὔλη
908 1073 946 1131 ad
963 1073 1042 1151 χειρὶ
1061 1073 1214 1134 referendo
1235 1091 1281 1133 ae·

158 1165 276 1235 quievit,
298 1165 374 1237 quod
393 1167 463 1224 mihi
482 1167 586 1225 iterum
606 1171 727 1240 propter
740 1167 884 1239 ingratam
897 1167 1049 1226 verborum
1063 1169 1280 1228 collocationem

156 1274 214 1316 non
233 1258 337 1330 placet.
368 1260 528 1318 Praeterea
541 1261 684 1319 Tournier
704 1277 732 1333 p.
749 1267 784 1319 13
805 1278 858 1333 pro
878 1260 981 1337 πέτρην
994 1266 1075 1319 recte
1094 1260 1181 1319 scribi
1199 1260 1281 1318 iubet

156 1347 257 1427 πέτρη,
285 1367 342 1422 qua
367 1354 524 1412 mutatione
550 1351 705 1425 significari
735 1355 795 1411 vult
820 1352 930 1412 frustra
955 1352 1112 1412 inferorum
1134 1359 1163 1412 et
1183 1360 1280 1412 terrae

157 1444 293 1501 auxilium
321 1445 357 1503 ab
382 1446 471 1504 Eride
502 1447 664 1504 invocatum
693 1462 771 1517 esse3
802 1445 875 1505 conf.
901 1447 985 1505 Hom.
1010 1446 1105 1518 hymn.
1132 1448 1161 1504 in
1185 1447 1279 1519 Apoll.

156 1536 239 1608 Pyth.
262 1544 324 1596 155.
353 1545 416 1597 162.
445 1545 507 1598 163.
531 1537 609 1616 χειρὶ
634 1541 812 1616 καταπρηνεῖ
834 1535 862 1595 δ’
892 1533 979 1595 ἔλασε
1001 1538 1100 1617 χθόνα
1124 1538 1172 1596 καὶ
1203 1537 1280 1614 φάτο

154 1626 247 1703 μῦθον
261 1671 379 1688 ......
404 1626 455 1695 Ὣς
469 1628 534 1705 ,ἄρα
553 1628 708 1709 φωνησασ’
733 1630 818 1707 ἵμασε
836 1630 934 1710 χθόνα
951 1631 1030 1711 χειρὶ
1049 1632 1152 1711 παχείη
1172 1629 1279 1709 Κινηδη

157 1717 185 1778 δ’
203 1720 260 1798 ἄρα
273 1727 339 1799 γαῖα
352 1723 526 1801 φερέσβιος·
547 1721 604 1803 ηδ’
629 1722 768 1782 ἐσιδοῦσα
792 1723 914 1801 Τέρπετο
934 1722 966 1781 δν
987 1724 1063 1782 κάτα
1085 1723 1182 1799 δυμδν,
1203 1722 1279 1781 disco

157 1814 212 1892 γὰρ
232 1816 392 1874 τελέεσθαι.
411 1852 442 1858 κ
465 1818 523 1877 Pro
543 1814 612 1874 οὐδέ
625 1836 657 1874 τε
677 1819 744 1877 olim
764 1815 861 1894 ἠθάδα
881 1819 997 1876 conieci.
1021 1851 1055 1859 -
1076 1836 1101 1876 v.
1117 1816 1158 1876 49
1180 1819 1279 1890 quiin

157 1910 216 1968 solo
236 1911 267 1968 M
286 1918 418 1983 apparet,
437 1912 505 1969 libri
525 1911 685 1970 deteriores
707 1918 736 1969 et
756 1898 899 1970 editiones
920 1918 988 1970 ante
1007 1911 1172 1970 Bekkerum
1194 1913 1276 1971 omit-

157 2009 231 2075 tunt,
245 2006 420 2077 transposito
433 2007 462 2063 in
475 2007 535 2063 eius
546 2007 639 2064 locum
650 2021 735 2063 versu
747 2013 791 2063 52.
803 2038 840 2047 —
851 1999 939 2081 ἤδελε
948 2003 972 2060 δ’
983 2021 1036 2078 pro
1047 1999 1150 2080 ἤθελεν
1161 2004 1278 2064 Schnei-

156 2096 208 2155 der
228 2099 351 2157 coniecit
368 2099 386 2155 l.
406 2099 424 2155 l.
445 2100 507 2157 sine
527 2115 629 2170 causa,
651 2115 717 2157 cum
736 2100 824 2156 etiam
845 2097 920 2156 infra
939 2116 965 2157 v.
981 2105 1017 2156 52
1041 2099 1145 2170 copula
1169 2098 1277 2170 optimo
1325 2170 1328 2177 ι

155 2189 229 2248 libro
249 2190 365 2248 iubente
387 2191 546 2249 omittenda
567 2198 639 2250 erat.
670 2190 788 2267 κληιδας
808 2190 909 2249 δνεισα
926 2191 974 2261 M,
998 2189 1074 2262 quod
1095 2190 1183 2247 tacite
1203 2206 1278 2248 corr.

156 2281 288 2354 Bekker3
309 2315 345 2324 -
372 2282 415 2342 50
438 2283 593 2342 »Defectus
615 2285 737 2357 copulae
757 2285 870 2358 impulit
889 2299 949 2353 me,
975 2289 1008 2342 ut
1032 2283 1213 2341 scribendum
1234 2299 1280 2341 sn·

156 2377 251 2448 spicer
265 2375 313 2432 καὶ
330 2374 475 2454 χδονίωνι
497 2378 662 2451 Lennep.‚
684 2379 765 2437 cuius
787 2379 966 2438 correctione
987 2394 1043 2437 non
1064 2378 1186 2451 amplius
1206 2393 1278 2449 opus

155 2470 289 2528 restituto
301 2485 346 2533 ,ex
359 2471 391 2528 M
404 2471 477 2529 libro
497 2472 569 2530 loco.
591 2469 706 2546 τιτηνας
721 2471 807 2543 MW‚
828 2469 947 2549 τιθήνας
960 2471 1014 2542 SV,
1036 2477 1066 2529 et
1086 2469 1106 2528 δ
1127 2476 1172 2528 est
1192 2471 1278 2528 etiam

154 2565 184 2621 in
198 2564 326 2636 margine
340 2564 377 2622 W
391 2562 466 2621 libri.
494 2561 651 2641 βαρέδρων
667 2564 750 2636 GW;
765 2597 802 2607 -
824 2563 861 2622 51
879 2562 1067 2642 ινψιμέδοντος
1081 2563 1223 2621 ἀϊστιασαι
1236 2563 1277 2635 Μ,

155 2655 198 2731 δη
210 2659 331 2715 ιστῶσαι
351 2659 390 2729 Α,
416 2652 501 2734 ἕδρην
521 2657 660 2728 MAOL3
682 2691 714 2698 -
745 2658 866 2715 Versum
883 2665 918 2716 52
938 2658 993 2716 hoc
1013 2673 1126 2728 quoque
1146 2658 1208 2716 loco
1229 2659 1278 2716 ba-

156 2751 225 2808 bent
244 2751 345 2810 LRW
366 2753 406 2819 (in
427 2751 509 2808 cuius
530 2751 661 2822 margine
681 2756 749 2808 ante
763 2768 806 2808 vv.
822 2757 858 2808 49
874 2757 904 2808 et
919 2757 953 2808 51
970 2753 1152 2822 corruptelae
1165 2751 1277 2823 signnm

156 2847 216 2911 est,
242 2849 271 2900 et
290 2844 386 2901 versui
402 2850 438 2902 51
460 2843 497 2901 ab
518 2844 612 2901 altera
634 2859 720 2900 mauu
740 2843 785 2908 δίς
805 2844 995 2916 adscriptum)
1021 2850 1051 2902 et
1070 2843 1171 2902 habuit
1191 2845 1278 2902 etiam

155 2940 190 3010 Α,
211 2939 240 2995 in
261 2955 316 3010 quo
342 2946 439 2997 tamen
464 2945 569 3011 postea
590 2955 689 2997 erasus
712 2945 765 2996 est.
807 2938 950 2997 Omittnnt
969 2936 1031 2995 rell.
1051 2936 1135 2995 codd.
1157 2936 1227 2994 dett.
1249 2944 1278 2996 et

158 3031 226 3089 edd.
250 3037 317 3089 aute
337 3031 463 3090 Bcklrcr.
494 3035 569 3091 Ante
589 3034 664 3092 hunc
684 3049 797 3092 versum
817 3034 938 3091 lacunae
957 3033 1040 3104 signa
1059 3032 1143 3105 posui
1163 3030 1278 3091 Schnei-

156 3126 225 3184 dero
246 3128 410 3197 obsecutus,
434 3129 482 3198 qui
502 3146 528 3200 p,
545 3135 599 3187 411
623 3134 702 3185 recte
723 3128 832 3186 monuit
846 3133 930 3201 »post
943 3143 968 3184 v.
985 3133 1018 3184 51
1036 3124 1177 3183 excidisse
1191 3141 1277 3197 quae·

156 3218 222 3277 dam
236 3220 338 3291 quibus
353 3220 560 3293 exponebatur,
582 3237 633 3285 cur
647 3220 725 3278 istud
740 3221 889 3279 consilium
904 3225 1036 3278 eventum
1050 3234 1105 3276 non
1119 3217 1275 3276 habuisset.

156 3314 232 3384 quod
259 3323 289 3371 nt
316 3315 346 3372 in
370 3316 456 3372 simili
482 3331 570 3372 causa
596 3313 725 3371 additum
752 3318 797 3372 est
823 3331 848 3369 v.
865 3320 900 3372 53
922 3319 952 3371 et
971 3329 997 3370 v.
1013 3313 1064 3382 st,
1090 3311 1133 3367 ita
1152 3327 1206 3367 nec
1229 3310 1276 3367 hic

156 3407 248 3464 omitti
268 3409 389 3479 potuit«.
407 3441 439 3448 --
463 3406 504 3466 52
524 3405 627 3485 p’delsv
641 3405 757 3485 ἠχιεντα
771 3408 812 3478 Μ,
832 3401 921 3484 ἤθελε
934 3404 964 3463 δ’
978 3403 1102 3483 ηχηεντα
1115 3404 1177 3462 rell.
1193 3403 1275 3462 codd.

115 3516 117 3528 ·
155 3505 185 3556 et
199 3499 273 3568 edd,
296 3503 428 3573 copulam
443 3517 496 3572 ego
511 3501 594 3558 omisi
609 3515 672 3557 cum
683 3500 723 3557 M.
746 3533 772 3539 -
790 3499 930 3576 πρισιῆρα
943 3499 984 3570 Μ,
1005 3498 1172 3573 παρηστῆρα
1187 3496 1225 3566 G3
1238 3529 1274 3538 -

155 3590 194 3649 53
215 3590 349 3670 ἠφαίστον
369 3595 411 3666 Μ,
431 3591 480 3671 ἠφ.
501 3594 571 3664 AQ3
601 3590 731 3650 διισεικεν
751 3592 799 3663 Μ;
831 3590 1024 3669 ἀμαιμακέτην
1044 3591 1091 3662 Μ,
1118 3587 1275 3664 ἀτυζομένη

157 3686 220 3742 rell.
241 3687 323 3745 codd.
340 3691 369 3744 et
384 3687 448 3744 edd.
465 3691 532 3744 ante
553 3685 714 3756 Lehrsium‚
736 3686 784 3756 qui
804 3682 984 3761 ἀμαιμακέτη
1003 3685 1116 3756 recepit
1135 3674 1275 3755 probante

155 3780 242 3835 etiam
253 3781 411 3840 Tournerio
422 3799 449 3853 p.
465 3790 507 3841 13.
523 3815 554 3822 ψ
574 3781 734 3839 »Relictam
749 3787 910 3839 ceterorum
925 3779 1077 3837 lectionem
1090 3783 1189 3834 tuetur
1203 3777 1274 3848 Try·

155 3871 311 3943 phiodorus
342 3890 366 3930 v.
389 3882 443 3932 685
469 3872 615 3951 Ἡφαίστῳ
642 3870 668 3930 δ’
697 3871 829 3930 ὑπόεικεν
857 3870 1031 3947 ἀτυζόμενος
1057 3867 1148 3948 χόλον
1171 3863 1272 3944 Ἥρηςι

154 3964 308 4023 Bekker.
340 3964 391 4022 sed
411 3971 491 4024 recte
511 3974 611 4026 contra
625 3968 721 4025 Herm.
736 3984 764 4039 p.
781 3975 815 4025 11
839 3967 886 4023 »id
904 3982 960 4036 quo
974 3969 1060 4036 pacto
1076 3961 1274 4021 defendendae

156 4057 233 4129 apud
248 4055 400 4115 Gcluthum
421 4058 554 4129 vulgatae
575 4056 731 4133 ἀτοξομένη
752 4057 884 4115 adbiberi
906 4057 1007 4129 possit,
1027 4073 1083 4116 non
1104 4054 1197 4127 video,
1218 4057 1273 4112 nisi
