2880 4606
676 310 885 371 ..92-

219 493 347 553 codicem
362 494 555 553 Mutinensem
581 491 754 554 conferentis
776 496 873 553 oculos
894 493 1029 568 fugerint.
1051 528 1087 538 —
1109 494 1346 571 241αροκνέοιο

220 587 266 658 Μ,
292 585 480 664 παοαγναψας
504 588 551 659 Μ,
582 584 772 663 παραγνάφας
796 588 1020 648 AOLNPRW
1049 605 1113 647 cum
1143 588 1209 647 cdd.
1234 589 1304 647 inde
1329 605 1344 648 a

220 679 365 752 Bekkem,
386 679 560 757 supersidere
579 681 626 738 vel
646 679 818 757 παρανάφας
832 682 865 753 Q,
885 681 1128 759 παραγνάμψαςθ
1149 682 1346 741 abscidente

221 772 361 845 Bellen,
383 773 470 845 idque
490 774 610 845 retinui,
632 772 772 831 suadente
793 775 880 832 etiam
903 774 1026 834 Graefio.
1049 808 1084 817 -
1105 775 1135 832 οἷ
1152 774 1285 834 ακύνθοο
1304 775 1345 833 Μ.

222 898 254 908 -
278 867 309 923 In
331 869 448 940 vulgata
468 885 510 926 vv.
533 874 598 926 240.
614 874 668 925 241
692 867 837 939 scriptura
857 869 967 940 primus
981 867 1100 927 offendit
1113 868 1243 943 Lsnnep,
1264 870 1347 928 cuius

219 960 291 1017 haec
312 966 357 1018 est
376 967 458 1019 nota:
489 959 624 1032 »Apollm
652 977 709 1019 non
728 961 909 1032 Hyacinthus
932 961 1114 1020 Cannaene
1137 963 1252 1020 dicitur.
1291 962 1348 1021 Vel

220 1053 318 1124 itaque
340 1052 479 1112 Goluthus
501 1053 619 1122 erravit,
641 1054 687 1133 vel
708 1053 894 1126 interpretes,
916 1055 964 1126 qui
979 1051 1128 1132 Καρνείοιο
1146 1072 1200 1128 pro
1216 1054 1347 1137 epitheto

222 1146 378 1219 Hyacinthi
405 1151 551 1218 ceperunt.
598 1148 699 1207 Potest
725 1146 800 1207 forte
825 1148 1003 1220 Hyacinthus
1034 1149 1081 1206 hic
1111 1148 1168 1206 dici
1194 1145 1347 1226 Καρνείου,

226 1240 332 1312 quippe
346 1239 489 1312 Apollinis
508 1243 642 1312 amasius,
663 1247 696 1299 ut
717 1242 945 1315 distingueretur
966 1242 1001 1300 ab
1023 1243 1087 1300 aliis
1108 1241 1237 1300 eiusdem
1257 1243 1348 1302 nomi·

223 1334 293 1392 nis«
339 1333 446 1393 Contra
467 1335 597 1394 Graefius
618 1354 645 1408 p.
667 1343 731 1394 252.
754 1343 824 1395 253:
856 1336 951 1394 »Leve
973 1340 1017 1393 est
1038 1339 1068 1393 et
1087 1332 1173 1393 facile
1193 1335 1348 1394 emendan-

223 1429 289 1486 dum
310 1429 349 1501 id,
370 1430 399 1486 in
414 1445 469 1500 quo
484 1428 614 1502 Lennep.
634 1431 737 1499 haeris,
760 1429 939 1501 Hyacinthus
954 1429 1091 1488 Oarneus.
1116 1427 1280 1487 Difficultas
1302 1433 1350 1487 est

220 1523 250 1578 in
265 1523 397 1594 particip.
415 1520 640 1599 παραγνάμψας;
661 1522 789 1580 Behheri
809 1520 998 1599 παραγνάψας
1012 1538 1097 1580 sensu
1112 1523 1198 1595 plane
1214 1521 1350 1581 destitui-

220 1620 276 1674 tur.
305 1614 431 1672 Verbum
451 1613 672 1690 παραγνάμπτον,
693 1619 866 1687 suspectum
886 1615 1061 1674 Schneidern
1082 1616 1111 1672 in
1131 1614 1201 1673 Lex.
1222 1615 1350 1674 hicnon

221 1706 277 1765 nisi
302 1707 483 1765 intransitive
510 1708 574 1780 capi
605 1713 716 1780 potest,
751 1712 783 1764 ut
807 1705 1020 1783 repcyrdpmscv
1045 1707 1148 1780 Odyss.
1173 1707 1218 1766 IX
1242 1715 1289 1768 80.
1318 1713 1350 1766 et

223 1806 376 1872 cognatum
396 1797 619 1876 παρακάματειν,
641 1797 830 1876 ὑποκάμπτειν
853 1805 907 1858 etc.
938 1800 1002 1860 Hoc
1020 1816 1074 1873 per
1093 1817 1125 1859 se
1144 1817 1202 1859 non
1222 1800 1350 1859 incredi-

223 1897 296 1968 bile3
324 1896 375 1954 sad
397 1897 439 1953 sic
457 1900 524 1967 post
539 1891 695 1951 Ὑακίνθου
715 1895 857 1966 quaedam
877 1895 980 1954 deesse
1001 1895 1147 1966 videntur,
1172 1899 1204 1952 ut
1224 1893 1349 1952 miratus

222 1989 372 2047 Minervae
387 1993 522 2060 statuam,
543 2006 608 2047 mox
621 1995 873 2059 transgressus
889 1987 1081 2061 Hyacinthi
1099 1989 1252 2060 signum,
1273 1988 1350 2048 alio

223 2083 298 2140 iter
312 2082 520 2154 inflectens,
535 2083 633 2140 nescio
645 2099 701 2154 quo
713 2098 744 2140 sa
755 2083 911 2141 contulisse
922 2082 1036 2141 dicatur
1044 2082 1218 2140 Alexander.
1240 2081 1349 2140 Verum

222 2177 390 2248 relativum,
416 2176 491 2248 quod
512 2176 656 2248 sequitur,
684 2172 714 2231 θν
739 2194 808 2232 ποτε
834 2176 871 2232 de
895 2192 982 2233 versu
1005 2175 1090 2233 huius
1116 2189 1218 2232 sensus
1241 2174 1350 2234 omisso

223 2271 351 2343 cogitare
372 2271 419 2327 vix
444 2269 563 2342 patitur.
604 2269 644 2326 Et
668 2269 711 2325 uti
736 2269 854 2328 verbum
875 2267 1038 2344 διεμέτρεεν
1058 2286 1084 2325 ν.
1106 2269 1171 2327 237.
1197 2283 1251 2340 per
1276 2261 1351 2324 ἔνθα

221 2360 283 2439 μὲν,
305 2358 378 2420 ἔνθα
398 2361 432 2420 δὲ
452 2362 563 2421 duobus
583 2363 744 2435 participiis
765 2363 844 2434 iungi
867 2367 973 2435 potest,
998 2362 1040 2420 ita
1058 2367 1154 2420 temen
1173 2366 1275 2434 aptum
1290 2375 1350 2419 nou

224 2463 270 2515 cst
288 2453 512 2532 παραγνάμψας,
534 2456 603 2527 quia
625 2460 655 2512 et
674 2454 805 2514 absolute
825 2456 950 2527 positum
972 2461 1029 2528 est,
1055 2459 1085 2512 et
1103 2471 1156 2526 pro
1177 2454 1286 2512 aoristo
1308 2452 1351 2510 sic

223 2565 361 2622 praesens
383 2548 575 2606 desideratur.
607 2549 708 2619 Neque
730 2549 806 2606 enim
826 2549 863 2606 ab
877 2549 1019 2621 Apollinis
1040 2548 1123 2620 signo
1139 2547 1177 2605 ad
1191 2545 1350 2619 Hyacinthi

223 2642 376 2714 imaginem
398 2647 449 2698 aut
470 2641 531 2699 vice
552 2657 636 2699 versa
657 2639 825 2700 deflectere:

261 2747 333 2811 ἔνθα
347 2748 381 2810 δὲ
398 2749 546 2827 Καρνείοιο
562 2757 613 2824 (sc.
629 2749 707 2817 εἶδος
721 2751 892 2830 θηεύμενος)
907 2747 1310 2828 παραγνάμψαςὙάκινθον,

223 2871 309 2932 facile
330 2873 434 2946 potuit,
456 2873 561 2930 iunctis
582 2874 692 2944 potius,
714 2879 747 2928 ut
767 2871 917 2944 probabile
938 2875 996 2943 est,
1017 2871 1166 2940 utriusque
1187 2868 1291 2941 signis,
1312 2864 1346 2924 cl.

225 2969 349 3027 Pansan.
376 2967 490 3037 11119;
516 2981 609 3037 neque
635 2967 708 3024 mori
732 2966 833 3024 horum
859 2969 1009 3037 poetarum
1030 2963 1175 3034 convenit,
1202 2961 1294 3020 multa
1314 2975 1349 3018 en

225 3061 375 3120 antecedd.
410 3062 555 3133 supplere.
600 3060 701 3130 Neque
734 3075 801 3117 vero
826 3058 880 3116 hoc
910 3059 1075 3117 coniectura
1105 3054 1220 3113 videtur
1246 3053 1349 3113 evitari

226 3173 321 3230 posse,
343 3156 398 3213 etsi
419 3171 435 3212 e
455 3155 521 3213 lect.
538 3153 606 3212 Ond,
621 3154 695 3211 Mut.
716 3149 912 3228 ποραγνάψας,
934 3151 1044 3210 duabus
1065 3149 1157 3207 literis
1179 3146 1250 3205 Nin
1272 3145 1299 3204 A
1319 3150 1349 3205 et

230 3247 305 3307 liin
328 3248 431 3307 isatis
456 3247 646 3321 probabiliter
665 3248 797 3317 mutatis,
825 3243 922 3316 effingi
946 3246 1044 3316 potest
1066 3243 1153 3301 lectio
1178 3258 1236 3300 non
1261 3241 1350 3299 inele-

224 3362 295 3417 gans
315 3346 401 3403 haec:
1056 3332 1058 3336 ⁸

379 3449 451 3510 ἔνθα
471 3449 505 3508 δὲ
526 3446 685 3526 Καρνείοιο,
705 3446 770 3524 παρ’
791 3445 940 3523 ἀγλαΐας
956 3443 1121 3503 Ὑάκινθον
1142 3445 1209 3516 [sic]

226 3574 347 3644 propter
367 3569 617 3624 commemoratam
638 3578 703 3620 mox
718 3559 874 3633 Hyacinthi
894 3556 1135 3630 pulchritudinem
1155 3551 1352 3628 praeferenda

227 3665 306 3723 huic:
384 3681 387 3684 ·

382 3747 454 3810 ἔνθα
474 3748 508 3808 δὲ
529 3747 678 3825 Καρνείοιο
698 3745 761 3824 παρ’
783 3739 938 3821 ἀγλαΐας
952 3741 1116 3800 ‘insutos
1138 3739 1203 3815 [sio]

226 3866 282 3923 nisi
296 3866 338 3922 sic
351 3862 434 3920 malis
448 3858 598 3936 Καρνείοιο
612 3861 677 3933 παρ’
694 3855 895 3932 ἀγκοίναις,
911 3851 1086 3912 Ὑάκινθον.
1117 3851 1176 3910 Sed
1189 3850 1244 3909 hoc
1258 3850 1353 3922 magis

226 3958 338 4018 recedit
358 3964 387 4016 et
414 3958 519 4015 multus
546 3961 591 4014 est
612 3953 750 4014 Goluthus
770 3953 800 4008 in
820 3949 985 4023 usurpando
1006 3963 1065 4007 voc
1087 3943 1199 4021 ἀγλαΐα.
1243 3944 1352 4003 Verum

227 4054 273 4112 vel
287 4052 328 4112 sis
342 4053 504 4124 importuna
520 4056 565 4109 est
578 4050 629 4107 illa
644 4048 762 4120 ellipsis,
777 4047 820 4105 ita
834 4046 947 4103 demum
963 4042 1106 4113 evitanda,
1125 4039 1151 4098 si
1164 4038 1355 4112 participium
