2880 4606
619 327 832 391 ...36-

163 499 380 560 excutiebatur«
402 498 499 571 vertit,
515 495 646 557 Graefius
666 514 694 571 p.
707 502 761 556 243
781 500 1002 570 portendens
1021 496 1206 557 collocandos
1220 513 1287 556 esse

127 653 133 663 ,
162 593 235 652 dixit
253 594 296 652 sio
316 595 439 667 scriptos
460 591 496 649 de
515 591 631 650 intonsa
645 589 787 663 Apollinis
807 604 904 648 coma:
924 587 1064 667 χρυσείης
1084 585 1112 645 δ’
1136 583 1286 666 ἑκάτερθε

161 683 365 762 τινασσομένης
384 681 561 759 πλοκαμῖδας
581 681 694 759 Βύτρυς
720 681 923 758 ἀκερσεκόμης
943 679 1069 760 Ζεφύρῳ
1095 682 1284 760 στυφελιῖετο

159 777 272 855 χαίτης.
313 779 404 848 Quam
429 777 622 835 coniecturam
646 791 704 835 non
728 776 840 849 recepit
863 775 972 848 Lehrs‚
997 777 1067 835 lieet
1086 777 1136 849 qui
1161 777 1284 836 eandem

160 871 415 944 transpositionem
439 871 590 928 invenerat
609 867 756 927 Hermann
775 887 804 942 p.
821 875 871 937 10,
896 868 1114 941 perelegantem
1134 885 1199 927 eam
1219 884 1285 927 osso

160 963 339 1023 iudicaverit.
378 964 486 1023 Lenius
506 962 664 1023 Schneider
688 980 716 1036 p.
731 969 796 1020 422.
819 969 875 1022 423
906 961 1027 1020 laudato
1057 964 1284 1036 transpositione

159 1058 231 1116 nihil
250 1058 306 1116 nisi
325 1055 531 1132 τινασσόμενος
555 1058 584 1115 in
609 1054 812 1130 τινασσομένου
836 1057 958 1115 mutavit
985 1056 1052 1115 rubi
1078 1053 1285 1132 τινασσομένου

160 1149 303 1223 significat
326 1151 558 1225 properantis
587 1149 675 1222 [qnod
699 1149 762 1208 fieri
786 1166 872 1222 posse
897 1150 944 1207 vix
969 1147 1069 1223 oredo]
1096 1149 1143 1207 cui
1167 1148 1284 1207 dativus

159 1263 190 1322 χ.
214 1243 387 1321 πλοκάμοισι
416 1245 517 1303 eadem
541 1245 655 1303 ratione
686 1250 730 1302 ost
760 1243 876 1301 additus
907 1248 995 1315 atque
1023 1243 1085 1300 eius
1110 1241 1188 1300 modi
1211 1243 1284 1300 locis

140 1339 259 1408 -quales
289 1345 356 1397 sunt
384 1339 468 1398 Hom.
493 1339 527 1397 Il.
545 1338 574 1395 ΙΙ
597 1344 651 1396 148
683 1334 757 1414 λήιον
783 1369 816 1378 -
842 1334 893 1392 ἐπί
917 1331 942 1391 τ’
977 1332 1057 1413 ἠμύει
1087 1331 1284 1412 ἀσταχύεσσιν

160 1435 211 1489 aut
229 1431 324 1491 Nonni
343 1432 461 1503 Dionys,
475 1431 504 1490 II
518 1440 554 1491 80
575 1427 782 1505 κυλινδομένων
807 1428 991 1505 κυπαρίσσων
1012 1424 1171 1507 αύχμηροῖς
1196 1426 1284 1484 πετά-

160 1522 274 1580 λοισινυ.
309 1524 382 1582 Mihi
403 1525 483 1582 nulla
496 1525 657 1582 mutatione
672 1540 743 1596 opus
759 1539 823 1581 esse
839 1522 962 1594 videtur,
982 1522 1067 1581 modo
1082 1537 1145 1579 oum
1159 1521 1283 1581 Lehrsio

132 1655 139 1661 -
159 1621 304 1674 vertatur:
322 1618 435 1674 »aureis
451 1623 545 1674 autom
561 1616 704 1687 utrimque
721 1617 847 1687 agitatus
863 1616 1001 1673 cincinnis
1016 1616 1137 1688 capillus
1151 1616 1282 1673 intonsus

159 1708 291 1782 Zephyro
304 1707 522 1768 concutiebatur
532 1725 661 1768 comae«.
674 1741 707 1751 -
722 1707 762 1768 27
773 1705 844 1785 μεθ’
863 1705 1019 1784 ὡμάρτησε
1028 1709 1061 1765 Μ
1070 1719 1094 1766 1.
1106 1716 1136 1766 et
1146 1710 1181 1782 Q,
1191 1707 1283 1783 μεύο-

156 1799 288 1877 μύμτησε
301 1801 334 1859 Μ
351 1809 387 1871 2.,
406 1799 624 1878 μεδωμύρτησε
643 1801 767 1861 APSW
787 1801 852 1860 edd.
875 1808 942 1860 ante
957 1802 1066 1874 steph„
1090 1798 1160 1877 μεθ’
1185 1797 1283 1877 ὡμάρ-

158 1913 229 1970 τησε
250 1893 368 1954 GLNR
387 1894 513 1952 Bekker.
534 1894 588 1951 Iul.
602 1894 705 1952 Lehrs.
722 1891 792 1971 μέθ’
817 1891 976 1971 ὡμάρτησε
995 1896 1058 1952 rell.
1073 1894 1139 1953 edd.
1153 1895 1282 1953 Restitui

155 1983 280 2060 μεδώμ,
300 1993 333 2044 ut
354 1987 440 2045 etiam
462 1984 595 2044 Graefius
615 2003 643 2059 p.
658 1992 713 2044 243
734 1988 868 2045 correxit.
899 2019 929 2027 —
960 1984 1002 2044 28
1023 1983 1086 2044 ουδ’
1109 1988 1142 2045 Μ
1158 1995 1194 2059 1.,
1214 1983 1282 2044 οὐδ’

157 2078 191 2136 Μ
205 2084 246 2150 2.;
274 2073 350 2135 ούτω
370 2096 424 2152 pro
444 2075 515 2155 αὐτη
533 2080 626 2137 Anon.
647 2078 827 2152 improbante
847 2079 1011 2152 Lennepi03
1038 2079 1172 2158 ἀρμονιης
1191 2082 1224 2139 Μ
1245 2089 1281 2153 1.,

158 2168 293 2257 herbe
310 2172 343 2229 M
357 2179 393 2244 2,
413 2169 549 2249 annover
571 2171 600 2239 c,
622 2169 773 2248 ἁονννείυε
792 2171 828 2243 Α,
849 2170 991 2250 appones
1012 2175 1050 2245 Qz
1076 2172 1218 2251 decollet
1238 2173 1280 2231 Μ·

157 2262 203 2321 De
227 2263 282 2323 hoo
306 2281 391 2323 versu
417 2281 502 2336 quem
522 2272 601 2322 recte
621 2264 714 2323 Lehrs
747 2281 857 2336 »noque
884 2267 947 2339 ipsa
972 2268 1074 2338 regina
1099 2268 1186 2325 etiam
1214 2284 1280 2326 con-

158 2357 238 2429 iugii,
258 2356 372 2414 Venus«
396 2358 497 2429 vertit,
522 2357 593 2414 nihil
612 2358 668 2415 nisi
689 2359 816 2417 virorum
841 2359 991 2418 doctorum
1011 2361 1212 2442 annotationes
1233 2377 1281 2418 su·

156 2448 270 2507 biciam.
312 2449 478 2508 »Brodaeus
505 2450 624 2521 reliquis
650 2452 757 2509 rectius
779 2450 827 2507 καλ
853 2453 1029 2526 superfluum
1056 2470 1120 2512 esse
1148 2460 1178 2512 et
1195 2452 1279 2529 βασί-

158 2540 234 2598 λειαν
249 2539 398 2618 Ἁρμονίης
418 2559 498 2601 more
517 2549 615 2602 nostro
629 2542 764 2602 familiari
777 2546 931 2604 admodum
946 2547 1175 2620 coniungendam
1196 2547 1278 2605 vidit.

156 2633 203 2691 Ita
218 2631 353 2710 Χαρίτων
370 2633 505 2709 βασίλεια
525 2643 610 2695 1.16.
637 2634 774 2713 θαλάμων
792 2638 927 2713 βασίλεια
947 2658 971 2697 v.
990 2643 1051 2700 137.
1080 2639 1178 2716 χάμων
1195 2639 1280 2714 βασί-

158 2726 218 2784 λεια
231 2745 257 2786 1.
272 2735 337 2788 306.
357 2729 491 2787 Minerva
498 2728 634 2806 πολέμων
644 2730 778 2807 βασίλεια
791 2750 816 2791 1.
828 2741 874 2793 89.
894 2731 1012 2790 σακέων
1022 2732 1157 2809 βασίλεια
1171 2750 1197 2790 v.
1213 2736 1277 2793 174.

156 2819 288 2880 Bacchus
308 2818 449 2898 ημερίδων
466 2820 605 2896 βασιλεὺς
624 2841 650 2881 v.
664 2830 729 2882 238.
770 2823 840 2883 Gum
866 2831 962 2883 tamen
982 2843 1038 2884 non
1059 2826 1130 2884 nihil
1151 2824 1280 2884 offendat

157 2913 258 2972 addita
277 2915 378 2973 vocula
398 2913 455 2984 καὶ,
476 2932 529 2988 pro
544 2933 578 2975 eo
592 2915 653 2975 fere
668 2918 848 2975 scribendum
864 2920 1027 2991 suspicaret
1047 2914 1118 2976 καθ’
1143 2925 1173 2978 et
1193 2921 1279 2978 unica

156 3006 242 3064 litera
267 3007 345 3065 vocis
365 3004 510 3085 Ἁρμονίης
534 3015 658 3068 mutata:
696 3007 763 3067 Οὐδ’
793 3007 864 3088 αὐτη
888 3010 1023 3085 βασίλεια
1047 3010 1120 3069 καθ’
1148 3010 1279 3088 Αἱμονίης

152 3095 309 3176 Ἀφροδίτη.
349 3100 428 3160 Ordo
448 3107 506 3160 est:
527 3100 591 3159 οὐδ’
612 3099 682 3180 αὐτὴ
700 3101 731 3178 β.
747 3100 896 3182 Ἀφροδίτη
910 3103 1032 3183 δηθυνεν
1045 3101 1190 3183 ἐρχομένη
1203 3103 1273 3163 καθ’

157 3190 286 3271 Αἱμονίης
309 3190 343 3258 ἐς
366 3189 459 3252 ἄλσεα
489 3192 670 3271 Κενταύροιο.
785 3197 931 3256 D‘Orville
952 3239 982 3255 ..
1003 3198 1138 3270 vulgatae
1164 3198 1278 3272 praef-

156 3285 275 3343 rendum
303 3287 478 3354 existimavit
504 3285 578 3364 μεθ’
602 3285 747 3366 Ἁρμονίης
772 3287 919 3368 Ἀφροδίτη
949 3308 967 3350 a
993 3308 1049 3363 qua
1076 3290 1278 3350 emendatione

156 3375 253 3437 forsan
280 3395 337 3438 non
367 3379 600 3439 discedendum«.
630 3381 786 3456 Lennop.
813 3384 906 3442 Iulien
936 3386 986 3455 qui
1014 3384 1196 3457 Lennepium
1225 3385 1278 3441 im-

155 3472 258 3530 merito
279 3470 427 3544 obiurgat,
454 3475 537 3544 quasi
557 3474 607 3532 ille
627 3471 773 3551 Ἁρμονίης
796 3474 850 3534 hoo
875 3478 939 3536 loco
958 3476 1080 3535 Veneris
1103 3475 1190 3534 filiam
1211 3493 1277 3536 esse

156 3564 320 3634 statuisset,
347 3563 489 3637 probante
514 3582 633 3626 censore
654 3567 838 3640 Gottingensi
862 3570 956 3629 locum
976 3571 1018 3628 sio
1043 3571 1130 3628 vertit
1157 3572 1277 3642 »Neque

156 3658 220 3729 ipsa
238 3657 342 3729 regina
362 3658 494 3716 amatorii
513 3661 604 3717 nextis
626 3661 721 3718 Venus
743 3660 886 3722 Cunctata
905 3668 951 3721 est
971 3665 1087 3722 veniens
1108 3665 1138 3722 in
1158 3680 1278 3723 nemora

157 3749 321 3808 Centauri«.
352 3749 425 3807 Tum
440 3751 570 3811 Graefius
584 3771 612 3827 p.
629 3760 684 3812 243
707 3754 832 3815 »Locum
845 3756 1095 3829 impeditissimum
1109 3759 1158 3829 qui
1172 3758 1276 3829 hyper·

155 3840 244 3899 baton
263 3847 370 3915 amant,
390 3841 514 3902 fortasse
528 3847 599 3904 satis
614 3847 780 3920 expeditum
798 3847 951 3921 putabunt,
972 3850 1076 3908 iunctis
1091 3849 1186 3908 verbis
1207 3847 1277 3907 οὐδὲ

156 3932 216 3991 καλ
234 3929 306 4011 αύτὴ
323 3933 393 4010 stoc.
409 3933 484 4012 Ἁρμ.
503 3933 574 4015 Ἀφμ
601 3941 704 4016 quibus
729 3957 786 3999 non
811 3941 1011 4000 invidebimus.
1050 3944 1076 4002 Ε
1102 3944 1276 4002 coniecturis

154 4029 291 4088 facillima
311 4036 356 4088 est
375 4030 518 4106 Lennepii
543 4033 614 4116 καθ’
640 4033 779 4111 Αἱμονίης,
805 4051 892 4095 versu
912 4038 958 4094 17.
978 4036 1063 4096 facile
1083 4036 1276 4110 stabilienda;

153 4121 244 4183 habet
269 4124 370 4199 etiam,
396 4126 472 4196 quod
496 4128 625 4203 placeat,
651 4129 783 4190 Dorvillii
806 4126 880 4204 μεθ’
903 4127 1062 4206 Ἁρμονίης,
1092 4129 1274 4203 probandum
