2880 4606
616 342 827 402 ..91-

160 523 217 582 hoe
238 517 358 597 semum,
379 539 472 595 neque
491 523 643 598 Lennepii,
665 541 757 597 neque
776 525 905 584 Bekkeri
925 526 1077 584 lectionem
1098 543 1198 585 sanam
1218 542 1284 585 esse

160 631 274 689 posses
298 647 331 657 ·-
354 613 418 674 236
439 613 556 692 ἀοσιμὲν
569 618 616 690 Μ;
638 616 782 696 λιπύδμητα
795 619 836 692 M,
856 615 1011 680 αἰπύδαετα
1032 619 1056 677 G
1078 625 1107 678 et
1129 620 1174 678 ed.
1194 619 1287 693 Porti,

161 704 311 786 ἐπίθμηται
325 709 364 783 Q3
385 707 551 786 φιλοξεινων
564 712 606 784 Μ,
627 709 801 788 φολοξείνων
815 711 848 783 S3
872 711 1024 789 ναετειμων
1039 712 1182 784 PSVW;
1203 708 1286 770 ἀναε-

162 821 258 880 τηριον
278 819 314 861 m.
335 818 379 876 pr.
400 805 430 861 in
452 804 490 876 Q,
515 821 552 862 m.
574 812 590 862 2
616 821 705 878 supra
731 825 783 881 τηρ
809 805 949 878 syllabam
975 803 1028 862 κτύ
1055 805 1183 878 addidit,
1208 807 1286 865 unde

161 895 264 969 Iulien,
286 897 336 968 qui
356 902 501 956 caeterum
521 904 601 957 recte
622 897 693 956 vidit
713 896 874 975 αἰπύδμητα
896 896 1017 974 δώματα
1035 897 1202 974 φιλοξείνων
1223 919 1287 957 ναε-

162 985 256 1066 τήρων
275 990 347 1048 nihil
368 989 447 1048 aliud
472 1007 536 1050 esse
563 1007 648 1063 quam
674 992 784 1063 regiam
804 991 933 1050 Menelai
958 991 1089 1060 domum,
1115 989 1287 1068 φιλοξείνοιο

162 1077 295 1147 ἄνακτος
314 1081 407 1141 edidit
431 1083 572 1156 probante
594 1084 720 1142 censore
740 1083 990 1158 Heidelbergensi.
1032 1085 1090 1144 Sed
1111 1092 1190 1144 reate
1211 1085 1284 1144 Her-

162 1190 248 1233 mann
266 1192 304 1248 p.
327 1182 375 1234 18:
403 1176 465 1234 »vel
486 1183 621 1235 accentus
647 1183 807 1236 monstrare
833 1178 971 1252 debebat,
997 1180 1169 1252 scripturam
1198 1195 1284 1251 quam

163 1284 253 1344 supra
278 1269 424 1342 posuisset
448 1270 477 1326 in
503 1269 602 1329 codiee
629 1270 678 1329 illo
703 1270 838 1328 librarius
863 1288 921 1330 non
946 1267 1072 1336 ἄνακτος
1095 1271 1200 1342 fuisse,
1232 1273 1284 1330 sed

162 1357 358 1437 ἀνακτόρων(
376 1393 410 1403 -
427 1358 488 1419 23⁷
508 1359 629 1438 δωματα
641 1362 688 1434 Μ;
709 1381 839 1437 χειτονας
851 1364 897 1435 Μ;
918 1364 1002 1441 νηούς
1015 1365 1180 1437 ALNPQ,
1201 1364 1285 1440 νηούς

162 1458 194 1512 et
213 1450 297 1532 νηούς
316 1455 434 1512 iunctim
454 1454 505 1527 W,
527 1456 603 1532 νηοῖς
621 1455 663 1527 R;
684 1488 720 1497 -
743 1454 804 1514 238
826 1453 932 1523 α’στεος
952 1458 997 1528 Μ;
1024 1456 1187 1533 ὃιεμετρεεν
1212 1455 1286 1515 ἔνθα

160 1549 208 1619 Μ;
236 1546 324 1628 αὐτῆς
348 1549 430 1608 eodd.
457 1555 487 1608 et
512 1550 577 1611 edd.
603 1567 715 1623 omnes,
745 1557 825 1609 reete
850 1557 920 1623 puto
946 1551 983 1608 de
1007 1552 1140 1608 Minerva
1167 1551 1285 1624 dietum,

161 1659 284 1714 quaeum
305 1643 446 1715 negotioli
466 1644 576 1716 aliquid
589 1644 689 1703 Paridi
709 1642 814 1703 fuerat.
846 1644 999 1704 Caeterum
1020 1642 1055 1702 ei.
1077 1644 1283 1703 Schneiderum

160 1743 274 1808 p.140.
291 1744 358 1795 141:
382 1737 487 1815 »αὐτῆς
507 1737 576 1808 quid
592 1738 647 1796 sibi
666 1738 735 1796 velit
755 1754 837 1796 nemo
858 1738 943 1797 facile
964 1737 1077 1809 dixerit,
1104 1754 1191 1810 quum
1210 1738 1283 1796 nihil

163 1828 324 1900 excogitari
347 1829 440 1901 possit
465 1829 540 1900 quod
560 1830 709 1888 Minervae
730 1836 901 1903 opponatur.
943 1829 1143 1901 corrigendum
1169 1828 1285 1887 videtur

161 1918 267 1992 αὐτοῦ,
285 1922 353 1995 ibi,
374 1922 451 1994 quod
470 1930 537 1997 post
557 1918 629 1981 ἔνθα
649 1925 735 1982 simili
750 1926 864 1984 ratione
883 1925 996 1981 illatum
1019 1931 1063 1982 est
1083 1925 1184 1995 quain
1199 1922 1282 1981 Hom.

160 2015 196 2074 Il.
217 2023 268 2087 23,
289 2017 346 2076 614
372 2016 479 2088 legitur
504 2016 662 2092 κηδόμενος
685 2015 720 2074 δέ
743 2017 772 2073 οἱ
795 2014 914 2075 ἐνθάδ’
941 2012 1061 2081 ἀολλέες
1085 2011 1169 2072 αὖθι
1185 2015 1286 2092 μενόν-

162 2128 229 2166 των.
260 2108 345 2169 Adde
367 2109 469 2181 Odyss.
491 2117 517 2182 5,
540 2117 603 2170 208.
625 2112 657 2168 Il.
679 2118 705 2182 8,
727 2112 790 2170 207.
822 2111 925 2182 Hymn.
947 2110 1031 2169 Hom.
1051 2111 1081 2167 in
1101 2111 1195 2182 Apoll.
1217 2111 1281 2168 373.

161 2200 257 2275 Apoll.
271 2202 364 2262 Rhod.
379 2209 406 2274 4,
422 2209 506 2261 2811(
538 2202 596 2261 Sed
615 2197 688 2259 ἔνθα
705 2200 759 2276 μὲν
773 2198 860 2285 αὐτοῦ
878 2219 942 2261 oum
964 2200 1085 2261 eodem
1106 2204 1184 2276 ipso
1205 2203 1283 2262 loeo

162 2294 319 2368 significet,
345 2297 412 2354 huia
436 2297 499 2355 loeo
524 2313 624 2369 parum
652 2302 750 2369 aptum
776 2312 839 2355 esse
863 2296 985 2354 videtur.
1025 2295 1123 2353 Etiam
1143 2296 1286 2354 Teurnier

160 2406 190 2462 p.
213 2396 248 2447 31
270 2394 368 2448 tuetur
387 2389 537 2448 lectionem
559 2384 660 2466 αὐτῆς,
686 2405 750 2446 eum
769 2403 926 2462 pronomen
947 2383 1035 2451 αὐτάς
1055 2386 1175 2445 deorum
1196 2387 1285 2446 nomi-

160 2482 244 2540 nibus
271 2482 401 2541 additum
428 2485 542 2556 saepius
567 2484 739 2555 reperiatur.
781 2483 868 2541 Suum
897 2483 991 2540 tenuit
1018 2482 1188 2553 Schneider,
1215 2497 1282 2539 rec.

159 2593 189 2649 p.
212 2583 275 2634 196.
300 2608 332 2617 -
356 2574 418 2634 289
437 2573 567 2653 χρύσεον
586 2575 669 2636 codd.
690 2581 720 2633 et
740 2576 804 2633 edd.
826 2591 940 2643 omnes,
967 2575 1019 2632 sed
1043 2574 1108 2632 vide
1129 2574 1284 2633 Schneide-

159 2683 224 2725 rum
243 2685 271 2740 p.
292 2674 347 2725 441
370 2669 420 2738 qui
444 2665 567 2726 fortasse
592 2673 671 2724 reete
694 2666 821 2744 χάλκεον
848 2668 986 2739 oonieoit,
1013 2668 1081 2738 quia
1108 2683 1212 2738 »quum
1238 2663 1285 2724 ἐν·

160 2759 287 2838 θαπίης
302 2756 420 2838 Ἀθήνης
440 2763 623 2819 simulacrum
648 2767 788 2819 memoret
809 2760 958 2820 Oolluthus
978 2768 1111 2833 apertum
1134 2765 1193 2834 est,
1219 2776 1283 2819 eum

160 2869 300 2912 renovare
320 2855 446 2913 voluisse
466 2855 633 2913 memoriam
646 2855 796 2913 Minervae
818 2851 988 2932 Πολιούχου,
1013 2870 1086 2925 quae
1107 2851 1285 2918 Χαλκίοικος

161 2947 250 3008 etiam
269 2949 435 3007 vorabatur.
466 2965 532 3006 nam
552 2955 584 3007 ut
603 2949 756 3022 templum,
784 2949 826 3007 ita
851 2949 962 3021 signum
988 2949 1049 3006 eius
1075 2946 1130 3006 fuit
1154 2945 1282 3024 χαλκοῦν

161 3038 209 3111 (oi.
231 3041 355 3100 Pausan.
376 3042 414 3100 Ill
431 3043 475 3114 1'1,
490 3044 529 3109 3).
566 3042 651 3101 Unde
671 3042 818 3101 suboritur
838 3043 963 3115 suspicio
984 3058 1040 3101 non
1059 3039 1219 3118 χρύσεον
1239 3037 1285 3097 ἐν·

160 3131 262 3210 δαιτίης
281 3131 441 3211 θηεύμενος
467 3131 544 3199 εἶδος
565 3131 677 3213 Ἀθήνης
701 3142 818 3208 poetam
844 3136 1008 3209 scripsisse,
1035 3135 1087 3193 sed
1110 3132 1283 3211 χάλκεον,

161 3226 302 3285 historias
322 3242 406 3284 usum
425 3228 563 3300 prolapsi,
582 3235 615 3286 ut
630 3229 724 3287 solent
743 3234 857 3301 poetae.
888 3244 954 3285 nam
971 3243 1073 3286 revera
1086 3233 1154 3299 post
1166 3227 1286 3284 heroica

161 3320 278 3378 demum
291 3326 423 3392 tempora
433 3319 655 3380 Lacedaemonii
669 3322 817 3380 Mirervae
828 3323 965 3394 templum
980 3322 1150 3392 signumque
1166 3337 1201 3378 ex
1215 3336 1285 3378 aera

159 3410 299 3473 iecerunt.
331 3410 366 3470 of.
389 3412 513 3470 Pausan.
533 3413 552 3470 l.
567 3413 585 3471 l.
608 3420 637 3472 et
658 3414 749 3473 Curtii
769 3415 957 3487 Peloponnes.
979 3414 1007 3470 ΙΙ
1026 3431 1054 3486 p.
1070 3415 1125 3471 227
1147 3421 1177 3472 et
1198 3421 1297 3472 313.«.

160 3506 331 3566 Schneideri
351 3509 543 3570 coniecturam
558 3509 668 3567 meritis
683 3509 816 3568 laudibus
835 3509 948 3569 ornavit
961 3507 1103 3567 Teurnier
1122 3525 1150 3580 p.
1166 3515 1212 3580 31,
1234 3508 1284 3578 qui

160 3605 259 3658 tamen
280 3599 363 3658 addit
384 3602 472 3658 etiam
491 3601 622 3659 Nonnum
644 3602 814 3661 inveneris
835 3604 938 3661 statuis
963 3602 1148 3674 designandis
1170 3617 1283 3660 errasse

159 3697 191 3751 et
214 3692 299 3751 Dion.
320 3692 427 3752 XXXV
450 3694 504 3753 176
525 3694 631 3751 Veneri
656 3691 853 3774 κοροσοομένη
878 3697 923 3753 vel
943 3693 1030 3772 Ἀμείᾳ
1057 3693 1130 3752 falso
1154 3691 1285 3771 χάλκεον

158 3781 239 3852 εἶδος
257 3788 403 3846 tribuisse.
425 3818 460 3828 -
482 3782 598 3863 ἐνδαπιη
616 3787 663 3859 Μ;
684 3786 842 3864 θηεύμενος
857 3789 898 3856 Μ,
920 3786 1083 3865 θηούμενος
1098 3787 1137 3857 (13
1160 3819 1193 3828 -
1217 3784 1283 3844 240

158 3877 233 3938 ενθα
257 3880 303 3951 Μ;
332 3877 466 3957 καρηνοιο
490 3882 537 3939 vel
561 3882 658 3954 potius
683 3879 840 3958 καρκύνοιο
866 3882 906 3939 Μ.
947 3882 1044 3940 Verba
1068 3878 1150 3957 φίλον
1176 3879 1283 3957 κτέρας

153 3969 329 4039 ’Λπόλλωνος
349 3970 427 4032 οἷκον
446 3971 617 4039 Ἀμυκλαίοιο
638 3975 742 4034 desunt
756 3977 785 4033 in
806 3975 888 4036 codd.
912 3975 983 4034 dett.
1008 3975 1086 4032 etin
1108 3975 1173 4033 edd.
1194 3977 1282 4035 omni-

157 4067 223 4140 bus,
244 4074 364 4141 praeter
384 4069 539 4128 secundam
553 4068 667 4129 Lehrsii
687 4069 852 4142 editionem,
873 4074 906 4128 ut
925 4069 1048 4142 videtur,
1070 4083 1133 4126 aum
1153 4067 1283 4126 Bekkeri
