2880 4606
610 318 822 381 ..31-

152 503 239 564 fccile
257 505 379 564 convelli
394 504 488 562 debet.
511 494 1140 576 810111110000000000011101010011101101000
1155 505 1274 564 neila

153 599 274 671 Lennep
295 598 349 656 hoo
370 597 532 669 suspicione
552 596 675 670 probata
689 602 755 667 post
775 593 875 652 ἀνεῖσα
893 595 1056 654 huiusmodi
1075 613 1189 654 versum
1209 613 1275 669 per-

152 693 222 751 iisse
243 691 379 750 credidit:
412 687 559 746 Παντοίονν
579 685 691 760 ἀνέμων
715 684 791 763 μέγα
812 685 888 761 κῦμα
908 684 1022 743 κύλινδε
1048 685 1168 760 θύελλα,
1192 705 1276 760 quem

153 801 269 844 versum
290 785 394 842 vitiosa
414 798 536 840 caesura
555 781 689 838 laborare
709 779 782 836 vidit
803 778 933 838 Grcefins
954 797 982 852 p.
999 786 1062 839 250.
1105 782 1206 854 Iulien,
1227 785 1276 854 qui

153 879 267 951 etipse
292 894 357 936 cum
381 875 516 934 Bekkero
537 890 651 933 versum
672 873 774 931 deesse
798 873 935 945 putabat,
961 870 978 950 ἠ
1001 871 1025 928 δ’
1050 870 1108 948 ἄρα
1132 890 1189 933 non
1213 892 1277 933 curn

153 972 298 1046 prioribus
319 969 527 1042 interpretibus
548 967 585 1026 ad
606 965 719 1040 ἑλίκων,
740 966 792 1025 sed
814 967 851 1024 ad
872 964 1009 1024 θάλασσα
1028 968 1155 1041 rettulit,
1182 975 1211 1027 et
1230 966 1276 1025 ἀπ’

152 1063 241 1144 ἠέρος
261 1061 369 1140 ὄμβρον
390 1061 491 1119 ἀνεῖσα
515 1061 586 1119 nibil
612 1061 691 1119 aliud
711 1059 874 1132 significare
895 1060 1033 1131 credidit,
1061 1075 1146 1130 quam
1172 1078 1275 1134 aquam

154 1155 286 1237 (ὄμβρον)
308 1160 395 1217 maris
418 1157 454 1215 od
475 1157 586 1214 caelum
606 1172 696 1228 usque
718 1157 861 1228 surgentis
883 1156 976 1214 denuo
999 1171 1034 1214 ex
1053 1156 1206 1214 altitudine
1227 1155 1276 1215 de·

154 1253 270 1311 cidisse.
296 1253 394 1311 Etiam
409 1249 540 1310 Graefius
560 1268 589 1323 p.
605 1257 659 1308 249
680 1267 848 1322 persuasum
862 1252 964 1310 habuit
985 1267 1117 1310 »versum
1133 1251 1274 1309 excidisse

155 1348 240 1406 nullis
261 1349 384 1421 argutiis
405 1347 523 1418 negari«
546 1361 640 1417 posse.
683 1345 765 1403 »Etsi
791 1347 867 1403 enim
891 1346 1018 1418 physicis
1042 1343 1203 1402 rationibus
1225 1343 1273 1401 de·

154 1442 309 1500 monstrari
319 1445 417 1513 potest
428 1437 563 1496 ὄάλασσα
583 1436 628 1495 ἀπ’
642 1436 729 1515 ἠέρος
742 1435 849 1515 ὄμβρον
865 1439 939 1495 ἱεῖσα
955 1436 1005 1496 cfr.
1019 1439 1112 1497 Nonn.
1126 1437 1155 1494 H
1169 1443 1224 1496 499
1237 1453 1274 1496 ss·

154 1535 196 1592 uti
216 1531 306 1611 ἀήτας
327 1529 457 1597 ὠκεανὸς
477 1530 582 1606 ἀνίησιν
604 1529 817 1605 0010000568,
840 1539 870 1590 01
890 1531 1056 1602 extorqueri
1074 1529 1199 1589 fortasse
1221 1529 1275 1586 λα-

151 1624 237 1702 βρύν
257 1627 302 1685 vel
322 1623 447 1700 πικρὸν
467 1621 568 1700 ἀμιχθ,
590 1621 636 1678 ἀπ’
657 1620 744 1700 ἠέρος
760 1618 868 1699 ὄμβρον
890 1623 971 1691 ἱεῖσα,
993 1622 1124 1694 adeoque
1138 1620 1276 1678 θάλασσα

154 1735 179 1776 v.
199 1727 255 1778 202
275 1719 380 1776 mutari
404 1719 432 1774 in
453 1713 573 1785 ύύελλα;
599 1731 682 1774 omne
709 1721 806 1774 tumen
831 1716 970 1775 eiusmodi
991 1714 1143 1773 artificium
1164 1716 1200 1773 ab
1221 1716 1276 1774 hoc

155 1810 269 1884 quidem
290 1812 352 1870 loco
373 1811 497 1868 alienum
517 1808 646 1880 videtur,
672 1811 845 1881 praesertim
871 1826 935 1868 oum
955 1816 1075 1883 propter
1095 1809 1273 1882 praecedens

154 1921 178 1960 v.
201 1911 257 1963 202
274 1901 342 1978 μέν,
366 1903 438 1960 illud
457 1899 475 1979 ἠ
495 1899 519 1957 δ’
540 1897 599 1976 ἄρα
620 1907 717 1973 aptam
743 1903 952 1974 oppositionem
979 1904 1107 1976 incipere
1132 1903 1274 1961 videatur.

154 1997 291 2070 Suspicor
310 1997 421 2068 itaque,
448 2001 568 2068 propter
593 1990 686 2053 simile
712 1995 835 2055 fortasse
860 1997 973 2054 initium
998 1997 1141 2055 excidisse
1161 2013 1275 2056 versum

152 2089 330 2148 huiusmodi:

306 2223 323 2303 ἠ
344 2225 369 2280 δ’
390 2221 446 2301 ἄρ’,
467 2223 697 2302 ἀμιχθαλόεντος
717 2222 763 2279 ἀπ’
784 2223 871 2301 ἠέρος
891 2223 999 2301 ὄμβρον
1021 2226 1103 2297 ἱεῖσα,

305 2313 395 2396 ἠμαρ
415 2317 542 2395 ὁμίχλῃ
564 2315 694 2381 νυκτὸς
714 2315 920 2395 ἀπέκρυψεν
937 2317 1046 2395 μέσον
1060 2314 1148 2396 Ἥρη.

153 2465 189 2525 cf.
203 2465 296 2538 Hcyn.
317 2466 354 2523 ed
368 2466 400 2522 Il.
422 2485 447 2520 ω
467 2467 531 2535 753,
551 2464 597 2521 vel
617 2458 692 2539 ἠμαρ
716 2462 906 2541 ἀκήχεμένοις
926 2463 973 2535 (cf.
994 2483 1019 2522 v.
1037 2471 1105 2537 290)
1121 2462 1190 2541 Ἥρη
1209 2463 1275 2522 πάλι

153 2555 284 2636 κρύφατο
305 2556 430 2629 ναύταις,
452 2563 482 2614 01
501 2556 640 2627 quidquid
654 2555 709 2614 hec
721 2557 769 2613 vic
783 2559 942 2628 excogitari
955 2565 1061 2629 potest.
1093 2558 1180 2617 Certe
1193 2560 1273 2631 Iuno,

153 2649 270 2729 ὄμβρων
281 2649 382 2728 μήτηρ,
404 2648 491 2722 Orph.
505 2648 599 2719 hymn.
615 2648 684 2705 XVI
697 2655 723 2705 4.
737 2648 872 2721 habebnt,
894 2665 944 2706 our
957 2650 1056 2707 Paridi
1072 2652 1273 2710 irasceretur«

148 2747 300 2804 'Hermann
320 2763 348 2817 p.
365 2751 409 2814 18,
431 2742 583 2800 eLehrsio
604 2746 720 2798 secutus
742 2747 771 2798 et
791 2757 808 2798 0
824 2741 1000 2801 Schneidero
1014 2744 1125 2801 meritis
1138 2745 1273 2803 laudibus

150 2857 179 2912 p.
200 2847 257 2898 440
284 2839 376 2895 elatus
404 2854 428 2893 v.
452 2842 507 2893 208
533 2833 562 2890 id
590 2832 666 2903 quod
693 2834 780 2890 etiam
801 2833 916 2892 Graefio
941 2836 971 2891 in
996 2842 1120 2894 mentem
1147 2844 1274 2906 venerut,

152 2929 259 2990 θύελλα
280 2948 333 3005 pro
354 2929 505 3000 θάλασσα,
532 2946 557 2984 v.
580 2935 636 2986 210
656 2923 741 3002 ελύαρ
761 2943 813 2998 pro
833 2925 851 3003 ἠ
871 2926 895 2983 δ’
915 2924 973 3004 ἄρα
994 2934 1024 2986 01
1050 2947 1075 2988 v.
1097 2938 1152 2989 212
1174 2931 1198 2988 δ’
1221 2927 1275 2988 ύπο

151 3043 204 3099 pro
220 3023 256 3081 δέ
269 3044 301 3082 τε
315 3025 433 3096 scripsit
448 3022 531 3080 simul
552 3021 673 3077 lacunae
688 3025 755 3077 0010
775 3037 800 3076 v.
816 3023 870 3078 211
893 3023 1084 3093 suspicionem
1098 3025 1273 3097 improbans,

152 3123 269 3177 »munet
289 3118 378 3187 enim,
399 3116 510 3174 utalia
530 3121 657 3184 taceam,
678 3112 786 3184 duplex
805 3116 1006 3184 perversitas·
1020 3133 1078 3174 una
1097 3118 1127 3175 in
1147 3135 1179 3176 re
1199 3120 1272 3191 ipsa,

151 3213 229 3285 quod
256 3227 336 3269 mare
362 3223 515 3282 assurgere
542 3207 662 3273 dicitur,
694 3211 724 3262 01
750 3206 861 3263 caelum
886 3210 970 3265 tortis
998 3209 1121 3266 nubibus
1147 3212 1273 3282 cingere,

151 3307 245 3365 ultera
269 3307 298 3362 in
323 3303 505 3377 oppositione
532 3315 586 3372 per
609 3299 769 3370 particulas
786 3296 841 3373 μὲν
862 3304 892 3356 01
911 3298 945 3357 δὲ
965 3301 1106 3374 indicata,
1133 3319 1207 3374 quae
1228 3303 1275 3360 hio

150 3399 219 3458 talis
241 3402 326 3469 00001,
347 3402 380 3454 ut
399 3396 475 3453 idem
496 3393 551 3451 sibi
571 3393 664 3464 ipsum
685 3399 906 3464 opponeretur«
934 3393 958 3450 δ’
982 3391 1035 3452 ύπο
1055 3403 1152 3455 cutem
1172 3415 1197 3456 ν.
1218 3403 1273 3455 212

151 3492 268 3565 scripsit
283 3489 376 3562 »quod
395 3488 542 3558 coluthus,
563 3486 588 3543 si
602 3485 685 3543 scivit
706 3483 774 3555 qnid
795 3485 972 3557 significaret
992 3487 1028 3545 δέ
1040 3509 1080 3561 τε,
1101 3507 1157 3549 non
1177 3490 1273 3562 potuit

150 3585 181 3643 id
201 3584 355 3643 scribere«
387 3582 427 3639 Et
447 3580 572 3637 caeteris
587 3593 700 3649 quoque
721 3578 800 3649 locis,
822 3579 871 3636 ubi
891 3581 958 3638 olim
974 3582 1135 3654 legebatur,
1157 3602 1189 3639 τε
1208 3599 1274 3655 por·

149 3679 256 3736 ticulae
276 3692 345 3734 usus
362 3674 494 3734 Collutho
516 3670 725 3730 abiudicandus
747 3677 819 3728 erat.
842 3704 875 3712 -
898 3691 923 3730 ν.
940 3672 1002 3732 210
1023 3672 1152 3752 ἐκλύσθη
1172 3682 1274 3734 contro

149 3770 326 3840 Brodaeum,
349 3770 528 3840 Anonymum
554 3770 584 3822 et
603 3763 770 3822 Neandrum
791 3765 832 3834 (in
852 3773 956 3838 marg.)
977 3769 1025 3839 qui
1046 3769 1076 3825 id
1097 3770 1125 3825 iu
1145 3767 1273 3846 ἠχλύνύη

148 3868 261 3923 mutare
282 3865 442 3933 voluerunt,
466 3865 546 3918 recte
567 3856 759 3915 defenderunt
778 3857 972 3932 Dansqueius,
993 3862 1103 3920 Ubelus
1125 3862 1272 3922 01110110-

147 3958 214 4028 ken,
234 3958 282 4016 hic
300 3956 415 4028 quidem
430 3953 535 4011 collato
551 3950 656 4021 Quinto
671 3946 829 4017 Smyrnaeo
849 3949 919 4007 XIV
934 3959 990 4012 534
1006 3948 1148 4031 Ἕκλύσύή
1169 3953 1192 4010 δ’
1213 3950 1272 4030 ἄρα

148 4052 230 4108 πᾶσα
240 4049 412 4127 περίδρομος
421 4044 585 4123 Ἀμφιτρίτη.
600 4074 632 4082 -
645 4039 717 4097 Tum
729 4036 937 4116 ἀρασσομένων
947 4042 1079 4120 πετράων
1089 4064 1142 4121 pro
1152 4045 1273 4124 ἐρεσσο·

199 4146 224 4185 Ε.
238 4145 321 4191 Abel,
340 4142 462 4184 Collulbus.
841 4176 845 4181 .
1051 4141 1068 4191 6
