2880 4606
668 257 898 321 -102-

226 458 253 501 v.
277 447 332 502 289
358 441 443 500 nimis
469 441 592 517 abrupte
617 441 749 515 additur,
763 432 862 514 ¹quum
886 438 978 518 αὐτὰρ
1004 437 1064 519 ἐγώ
1087 459 1146 502 non
1168 442 1280 502 habeat
1302 459 1355 502 eur.
1379 453 1382 457 ’

227 538 389 611 oppositum
411 537 459 610 sit,
478 537 534 594 nisi
553 538 746 609 praecesserit
763 536 968 596 Laomedontis
989 537 1105 606 mentio,
1126 537 1174 594 cui
1194 537 1352 595 servierint

226 632 378 704 Neptunus
399 636 429 689 et
441 630 555 703 Apollo.
575 630 743 702 quibuscum
760 635 792 688 ut
804 629 1009 689 Laomedontis
1030 631 1231 689 commercium
1252 628 1358 698 fuerit,

225 724 269 782 ita
288 722 346 781 sibi
363 739 427 781 oum
446 723 539 781 tribus
558 723 615 780 illis
629 721 739 781 deabus
752 721 842 780 fuisse
855 722 939 780 Paris
961 721 1041 781 dicit.
1071 723 1171 794 itaque
1191 739 1249 783 non
1270 723 1349 782 dixe·

226 817 281 874 rim
304 832 368 875 cnm
392 816 557 875 Hermanno
587 833 644 874 non
669 815 831 874 desiderari
854 816 910 872 nisi
936 831 1021 872 unum
1048 831 1177 887 versum,
1211 817 1243 873 in
1268 817 1349 875 cuius

226 909 316 981 initio
328 908 417 966 fuerit
436 907 538 986 req-(eu
555 907 762 984 puppaepovra.
793 907 848 966 hoc
868 908 943 966 enim
962 908 991 965 in
1005 906 1165 967 Mutinensi
1184 908 1295 980 legitur
1315 925 1349 967 eo

225 1001 288 1061 loco
310 1017 366 1073 quo
385 1001 490 1073 reliqui
510 1000 624 1060 codices
641 1001 750 1060 habent
769 1001 869 1078 τείχεα
885 997 925 1077 μή
944 997 1090 1057 πίπτοντα.
1122 992 1261 1072 equidem
1276 1002 1348 1060 illud

225 1111 244 1153 a
263 1095 349 1154 docto
370 1095 427 1168 [ii]
448 1095 544 1167 potius
566 1095 626 1152 viro
642 1094 691 1165 qui
706 1093 833 1152 codicem
845 1093 1040 1152 Mutinensem
1054 1094 1171 1166 scripsit
1185 1093 1349 1167 profectum

225 1188 389 1261 putaverim
410 1188 464 1259 cui,
486 1204 572 1259 quum
592 1188 620 1244 in
642 1187 822 1260 expedienda
843 1186 964 1244 evanida
983 1187 1132 1260 prototypi
1146 1187 1191 1244 sui
1205 1190 1359 1261 scripture.

226 1288 305 1340 osset
331 1286 501 1354 occupatus,
526 1281 729 1354 intempestive
753 1280 890 1338 memoria
916 1280 1094 1352 suggerebat
1118 1277 1275 1340 Homerica
1300 1283 1358 1340 illa.

225 1370 361 1451 τεύχεα
378 1373 585 1451 μορμαζοοντα.
616 1373 668 1432 sed
687 1374 741 1432 hoc
761 1388 874 1445 quoque
894 1389 950 1430 non
969 1374 1160 1432 concesserim
1173 1374 1357 1448 Hermanno,

225 1475 305 1526 recte
319 1467 428 1526 hebere
443 1463 482 1524 ὧν
497 1464 578 1542 δμὲν
595 1499 628 1508 —-
643 1463 798 1543 δωμήσατο
814 1499 848 1507 -
864 1463 1031 1523 Ποσειδάων
1045 1464 1094 1522 καὶ
1113 1465 1256 1526 Ἀπόλλων.
1285 1485 1349 1526 nam

228 1561 282 1619 etsi
301 1561 372 1618 nihil
393 1561 556 1619 offensionis
576 1560 665 1618 habet
678 1556 833 1637 δωμήσατο
848 1556 1016 1616 Ποσειδάων
1030 1558 1078 1616 καὶ
1092 1558 1227 1619 Ἁπόλλων
1241 1595 1279 1605 -
1295 1580 1352 1635 quo

227 1654 355 1727 syntaxis
376 1658 483 1726 genere
503 1654 533 1710 in
553 1652 654 1710 eadem
674 1669 707 1710 re
727 1668 795 1710 usus
817 1656 862 1710 est
874 1651 1019 1710 Hesiodus
1036 1650 1109 1724 frag.
1132 1660 1185 1712 136
1201 1655 1349 1713 Murkscb.

228 1751 273 1817 (=
294 1754 330 1806 51
353 1746 473 1816 Goettl.)
495 1743 545 1802 ὅτε
565 1748 663 1822 τεῖχος
682 1741 833 1822 ἐϋδμήτοιο
853 1743 958 1823 πόληος
977 1742 1082 1822 ὑψηλὸν
1102 1746 1228 1823 ποίησε
1250 1745 1349 1805 Ποσει-

227 1837 305 1898 δάων
326 1837 374 1895 καὶ
391 1835 528 1896 Ἁπόλλων
549 1854 676 1910 ususque
697 1843 742 1896 est
761 1838 904 1897 Homerus
924 1839 957 1895 ll.
981 1845 1025 1909 16,
1049 1844 1105 1898 844
1129 1826 1176 1895 uui
1197 1837 1253 1914 γὰρ
1279 1836 1350 1897 ἔδω-

227 1952 277 1990 κεν
296 1932 372 2011 νίκην
392 1929 467 1997 Ζεὺς
488 1929 625 2009 Κρονίδης
645 1930 693 1987 καὶ
709 1927 862 2003 Ἀπόλλων,
889 1937 986 1990 tamen
1007 1931 1137 1989 additum
1159 1932 1351 2004 praetereab

225 2025 278 2102 μὲν
298 2026 371 2085 adeo
393 2041 538 2084 enormem
557 2025 630 2083 hano
650 2024 747 2082 reddit
770 2030 959 2098 structuram,
985 2030 1094 2083 utnon
1113 2026 1208 2097 possit
1227 2043 1285 2085 non
1305 2044 1351 2084 su·

227 2119 316 2178 boriri
335 2121 517 2192 corruptelae
537 2119 671 2192 suspicio.
713 2119 885 2176 correxerim
907 2114 946 2174 ὧν
968 2116 1139 2194 τὰμὲν-
1161 2118 1276 2196 τείχεα,
1296 2121 1350 2177 nisi

180 2209 183 2213 ’
226 2210 302 2272 forte
322 2218 452 2285 praestet
467 2211 575 2271 Greefii
594 2213 740 2270 inventum
761 2211 807 2269 οἷα
824 2210 878 2288 μέν
899 2213 1093 2272 conicientis.«
1129 2213 1301 2286 Bernhardy
1320 2214 1348 2270 in

228 2305 404 2365 Graecarum
424 2306 587 2364 litterarum
607 2306 729 2366 historie
756 2307 814 2376 (ed.
836 2308 901 2365 311
921 2325 949 2379 p.
965 2311 1033 2377 403)
1060 2306 1176 2366 doctum
1197 2308 1350 2379 quemdam

226 2400 375 2458 librarium
395 2399 484 2457 verba
498 2395 667 2454 Ποσειδάων
688 2397 736 2454 καὶ
752 2396 889 2456 Ἀπόλλων
911 2416 947 2458 ex
968 2417 992 2459 v.
1008 2407 1061 2459 281
1085 2406 1114 2458 et
1128 2401 1183 2460 cot
1200 2401 1268 2459 huic
1288 2402 1350 2460 loco

227 2493 349 2550 lacunae
369 2490 548 2549 obiucandae
574 2507 661 2548 causa
687 2490 834 2549 infensisse
860 2494 982 2564 putavit.
1009 2525 1045 2534 -
1072 2491 1132 2551 291
1150 2492 1287 2568 βασιλεια
1305 2495 1351 2565 Μ;

227 2583 402 2648 δικάσπολος
422 2600 457 2642 ex
476 2582 650 2648 δικασπόλος
670 2584 705 2655 03
734 2617 765 2625 —
795 2581 859 2642 292
880 2582 1088 2663 ακηχεμένησιν
1108 2587 1154 2659 M,
1175 2585 1350 2665 ἀμηχεμένη-

229 2696 271 2741 σιν
284 2679 311 2737 R
325 2682 355 2736 ct
367 2677 432 2737 fort.
448 2679 484 2736 N.
514 2677 641 2750 Vulgata
661 2679 806 2751 scriptura
822 2678 945 2737 offensus
960 2679 1034 2737 haec
1048 2680 1214 2752 Schneider,
1236 2699 1265 2754 p.
1280 2687 1349 2740 444:

230 2773 385 2846 »pervelim
407 2771 482 2830 scire
503 2787 554 2828 our
572 2776 698 2829 moestas
719 2777 807 2843 poete
827 2771 905 2830 dicat
924 2770 1014 2830 fuisse
1035 2772 1119 2846 deuo,
1144 2789 1200 2845 quo
1220 2777 1350 2847 tempore

228 2865 311 2924 Paris
337 2864 373 2922 de
400 2863 614 2936 pulchritudine
640 2881 738 2923 earum
763 2864 920 2922 indicebat.
960 2864 1103 2923 Venerem
1128 2871 1208 2924 certe
1228 2866 1351 2939 legimus

228 2976 255 3018 v.
272 2966 327 3018 158
345 2957 493 3034 μειδιᾶσαι
511 2974 565 3015 neo
580 2964 735 3030 potuerunt
748 2960 878 3030 reliquae
892 2958 1017 3017 nondum
1032 2958 1192 3017 diiudicata
1204 2976 1238 3018 re
1252 2960 1350 3018 tristes
1416 3032 1419 3037 .

230 3068 302 3110 esse.
343 3052 387 3110 sin
408 3057 504 3109 autem
524 3053 687 3124 putaveris,
713 3051 790 3123 quod
815 3050 931 3109 fuerunt
952 3052 1000 3123 qui
1020 3058 1165 3124 putarent,
1188 3052 1350 3112 Collutbum

228 3144 427 3221 προληπτικῶς
447 3145 517 3204 deas
538 3144 645 3203 dixisse
665 3146 811 3204 maestitia
830 3145 958 3217 affectas,
980 3160 1052 3216 quas
1071 3161 1175 3204 revera
1190 3152 1258 3218 post
1270 3145 1351 3205 Pari·

229 3238 274 3297 dis
301 3239 414 3298 demum
440 3239 575 3297 iudicium
597 3239 695 3296 tristes
721 3255 785 3296 esse
813 3254 866 3310 par
891 3236 959 3306 fuit,
986 3254 1022 3296 ne
1047 3238 1102 3298 boc
1127 3238 1244 3310 quidem
1269 3244 1351 3311 patet
1389 3277 1391 3280 ι

228 3338 327 3406 aptum
348 3348 421 3403 esse,
442 3347 527 3403 quum
542 3330 640 3388 Venus
660 3335 739 3389 certe
759 3346 816 3388 non
835 3329 957 3388 haberet
977 3346 1028 3387 cur
1048 3337 1202 3402 maereret,
1224 3337 1257 3390 ut
1277 3348 1351 3404 quae

228 3426 258 3483 in
284 3426 441 3483 certamine
466 3423 569 3482 victrix
596 3430 680 3482 esset.
718 3425 818 3496 itaque
842 3429 958 3496 poetam
981 3441 1038 3484 non
1063 3422 1258 3505 ἀκηχεμένηοι
1283 3429 1352 3486 scri·

228 3519 321 3591 psisse
343 3522 422 3590 pute,
443 3517 495 3575 sed
510 3514 728 3594 ἀμηχανέουσα,
750 3519 796 3574 cui
816 3517 999 3576 coniecturae
1020 3519 1129 3589 aliquid
1149 3520 1263 3578 accedit
1283 3539 1352 3594 pon·

229 3611 305 3670 deris
327 3611 383 3686 [li]
406 3627 441 3668 ex
460 3610 566 3669 codicis
581 3611 758 3669 Reimeriani
772 3612 916 3684 scriptura
938 3612 1035 3682 [immo
1057 3615 1167 3685 errore]
1189 3629 1264 3684 quae
1284 3615 1351 3673 talis

229 3712 287 3764 est:
311 3702 512 3783 ἀμηχεμένησι.
548 3706 584 3763 de
605 3707 758 3779 participio
779 3723 835 3764 non
856 3713 932 3766 moto
954 3704 989 3764 cf.
1010 3707 1102 3765 Nonn.
1125 3706 1209 3764 Dion.
1232 3714 1279 3775 30,
1295 3714 1351 3766 282

228 3796 296 3855 ἰδών
317 3804 347 3856 et
366 3798 492 3872 Lobeck.
528 3799 623 3857 Paral.
645 3817 673 3871 p.
695 3807 777 3858 utcu
815 3795 1009 3878 ἀκηχεμένησι
1028 3805 1109 3858 recte
1130 3800 1287 3873 explicavit
1305 3801 1350 3858 Iu·

229 3890 288 3948 lien
307 3909 335 3963 p.
358 3893 425 3964 137,
452 3890 502 3948 ubi
527 3891 596 3950 deas
616 3898 685 3950 ante
711 3892 848 3949 iudicium
869 3893 1061 3952 solucitudine
1082 3893 1225 3951 cruciatae
1246 3908 1282 3952 eo
1303 3910 1352 3952 vo·

229 3981 331 4042 cabulo
348 3982 514 4055 designatas
535 4002 599 4044 esse
616 3986 691 4045 elios
712 3993 828 4044 secutus
849 3985 956 4045 docuit.
988 3988 1129 4046 Tournier
1150 3988 1246 4044 eutem
1267 4003 1296 4058 p.
1315 3994 1352 4046 36
