2880 4606
609 315 842 381 -101-

155 514 250 571 quum
269 515 325 559 non
345 506 512 575 corruptum
532 500 789 577 videaturunus,
819 503 921 562 deesse
942 516 1059 562 versum
1076 508 1162 578 puto,
1180 501 1210 560 in
1230 519 1287 576 quo

154 592 373 653 substantivum
396 601 469 668 erat,
489 596 626 667 virtutes,
646 596 763 670 laudes,
784 595 890 655 decora
909 593 1099 668 significans«
1141 596 1287 669 Quaeret

154 686 286 746 Lehrsio
305 703 363 747 non
382 691 537 763 persuasit,
559 696 589 748 et
609 690 726 762 quidem
744 697 833 777 recte,
853 705 920 748 num
934 703 1009 760 quae
1022 688 1098 748 bona
1112 693 1158 748 est
1170 688 1287 749 Schnei-

155 780 227 838 <deri
247 797 276 853 p.
291 787 347 840 443
368 781 541 855 observatio,
564 783 658 854 »quod
672 783 857 842 Herruannus
878 780 1064 841 desiderabat
1082 777 1194 852 nomeu,
1215 784 1286 843 satis

155 889 235 949 {nun
255 889 556 951 mutuaenutuae
575 889 761 967 πρωτεύων..
786 924 819 934 -
843 889 905 951 see
927 890 1123 968 sarasan
1142 857 1227 968 φήος
1246 892 1286 966 o;

161 1015 196 1024 -
219 999 251 1042 v.
272 980 336 1042 288
363 984 447 1043 deest
470 984 500 1042 in
520 984 568 1057 Μ;
588 983 731 1062 <leodelene
750 985 792 1058 P·‚
814 1017 845 1027 —
870 982 931 1044 287
951 977 977 1062 ᾧ
995 983 1044 1041 καὶ
1063 1000 1099 1043 ex
1117 984 1151 1043 M
1168 984 1286 1045 Bekker

154 1080 192 1135 »et
206 1075 308 1149 Lehrs‚
329 1070 414 1134 ἔνθεν
433 1078 496 1136 rell.
518 1076 601 1137 codd.
617 1085 647 1137 et
666 1079 743 1147 edd,
762 1079 853 1138 etiam
866 1076 974 1149 Iulien;
994 1073 1128 1154 ολλυρπιο
1140 1077 1182 1152 Μ,
1203 1072 1286 1155 ὀλύμ-

152 1189 224 1226 ’ποιο
244 1170 279 1239 R,
299 1169 399 1229 ἀποολ.
422 1171 460 1243 Q?
481 1167 641 1248 ξεινήοντες
659 1172 697 1242 Ρ,
718 1168 877 1250 ξοινήτνντες
898 1171 936 1243 Q,
958 1168 1099 1248 ξεινήονες
1118 1172 1181 1230 rell.
1202 1173 1284 1232 codd.

156 1263 236 1323 dett.
257 1270 288 1323 et
308 1264 374 1323 edd.
395 1272 462 1323 ante
483 1264 675 1338 Lennepium‚
702 1267 750 1337 qui
772 1266 969 1340 adstipulante
988 1265 1138 1338 Dorvillio,
1158 1266 1189 1324 id
1208 1265 1285 1338 quod

158 1359 251 1416 etiam
277 1359 307 1415 in
326 1357 359 1416 M
380 1364 474 1431 extat,
501 1355 634 1435 ξυνήονες
660 1375 695 1416 ex
720 1359 886 1417 coniectura
909 1360 1052 1432 reposuit3
1073 1391 1109 1401 -
1133 1355 1222 1435 ἄμφω
1241 1359 1283 1432 Μ,

154 1447 253 1528 Ιἔργων
273 1469 326 1526 pro
347 1450 459 1527 ἀνδρῶν
480 1453 553 1512 coni.
588 1452 729 1512 Tonrnier
748 1470 777 1524 p.
799 1459 849 1525 35,
872 1451 937 1510 fort.
962 1459 1051 1523 reete,
1077 1450 1132 1510 efrt
1149 1448 1284 1528 ξυνήονας

155 1538 255 1620 ἔργων
274 1545 344 1604 Hes.
362 1544 471 1618 Theog.
493 1552 557 1604 595.
573 1552 638 1604 601.
660 1577 693 1586 -
716 1544 778 1603 888
799 1542 953 1622 θήλείνοοσι
965 1544 1005 1616 R;
1026 1541 1226 1617 ἀθανατοίΜ;
1245 1573 1283 1586 -·

161 1635 223 1697 289
245 1634 285 1695 ὡν
306 1637 334 1695 οἱ
350 1657 402 1706 μεν
421 1638 467 1707 Μ,
495 1629 531 1695 ἄν
550 1635 567 1693 d
584 1635 638 1713 μὲν
662 1638 726 1696 rell.
749 1637 837 1697 codd·
854 1645 884 1696 et
908 1637 974 1696 edd.
999 1653 1116 1710 omnes,
1140 1630 1175 1694 ὧν
1195 1634 1282 1712 ὃμὲν

154 1732 249 1790 tacite
275 1731 392 1804 scripsit
415 1732 564 1790 Hermann
588 1748 616 1804 p.
638 1737 684 1790 20.
723 1728 847 1807 δώμήτον
862 1732 898 1803 A,
918 1727 1037 1807 δώμήτὰ
1060 1732 1098 1804 Q;
1119 1749 1218 1809 τετχεα
1235 1731 1283 1807 Μ;

159 1857 198 1868 -
224 1822 290 1883 880
316 1843 416 1903 τειχεα
437 1823 636 1901 μαρμαιροντα
661 1820 698 1879 τὰ
722 1821 874 1880 noscendis
893 1823 935 1881 Μ.
975 1823 1046 1882 Post
1069 1823 1144 1883 hune
1169 1841 1282 1884 versum

158 1918 282 1976 lacunae
302 1919 386 1990 signa
406 1925 564 1992 posuerunt
577 1917 695 1976 Bekker
716 1924 746 1976 et
762 1917 866 1976 Ιολιτο,
897 1917 943 1976 De
962 1933 1014 1977 vv.
1029 1915 1102 1976 289.
1124 1915 1190 1976 teo
1209 1917 1282 1977 haec

66 2035 78 2043 ·
155 2009 292 2069 Graefius
312 2028 340 2084 p.
356 2018 426 2070 254:
450 2011 572 2083 »Aptius
586 2009 663 2069 foret
682 2007 728 2066 οἷοι
744 2006 799 2085 ρὲν
812 2005 857 2084 ήμ,
872 2026 898 2068 τ.
912 2025 973 2080 seq.
986 2009 1095 2082 pendet
1108 2010 1145 2069 ab
1158 2013 1282 2071 auotori-

158 2110 221 2183 tate
243 2103 313 2162 (lod.
327 2103 380 2172 M„
399 2120 436 2161 an
455 2102 655 2180 μασμαήοοντα
673 2104 814 2174 vulgatae
833 2100 975 2175 praeferri
994 2110 1149 2161 mereatur.
1179 2103 1282 2165 ante·

153 2198 313 2270 numquid
338 2205 402 2270 post
429 2198 505 2256 huno
529 2215 642 2256 versum
669 2197 818 2270 exciderit,
838 2197 1011 2269 intelligitur
1031 2212 1048 2255 e
1072 2214 1098 2254 v.
1120 2204 1176 2256 310
1196 2213 1218 2255 s.
1238 2199 1280 2256 ni-

156 2292 262 2348 mirum
282 2290 424 2355 distichon
444 2290 622 2350 huiusmodi:

312 2399 431 2458 πολλάκι
451 2397 478 2457 δ’
503 2397 534 2458 ἐν
554 2397 664 2478 σύριγγι
683 2398 827 2478 λιγύπνοον
846 2395 949 2476 ἆσθμα
968 2401 1105 2471 τιταίνων,

312 2494 355 2560 εἷς
376 2493 459 2572 νομὸν
479 2493 667 2553 εὲλιπόδεσσιν
687 2492 832 2572 ἐφέσπετο
849 2493 950 2568 βουσὶν
966 2491 1113 2568 Ἀπόλλων,

158 2613 208 2671 nbi
222 2615 379 2687 repetitum
389 2611 528 2671 Ἀπόλλων
542 2630 669 2673 errorem
688 2615 837 2687 peperite
861 2614 956 2672 Aliter
976 2613 1013 2672 de
1033 2615 1087 2672 hoe
1106 2613 1170 2672 loco
1190 2613 1281 2672 sensit

160 2706 308 2766 Hermann
328 2725 357 2780 p.
374 2715 424 2767 20:
448 2708 593 2779 »quamvis
613 2707 710 2764 multis
730 2707 760 2764 in
780 2706 859 2764 loeis
872 2706 1004 2764 mutilum
1024 2707 1062 2764 sit
1081 2706 1136 2765 hoc
1155 2721 1279 2777 carmen,

157 2806 255 2859 tannen
275 2806 343 2873 post
362 2800 414 2860 hos
435 2817 534 2859 versus
557 2801 607 2872 qui
626 2799 734 2872 aliquid
750 2799 1017 2872 excidissepntant,
1038 2815 1072 2858 eo
1086 2800 1188 2871 opinor
1201 2799 1280 2870 moti,

158 2893 238 2965 quod
258 2910 344 2965 quum
366 2890 382 2950 t
401 2890 453 2968 μὲν
474 2893 580 2952 dixerit
600 2897 703 2965 poete,
731 2891 991 2966 deindelleptuuo
1012 2892 1099 2950 etiarn
1118 2890 1280 2964 Apollinem

157 2985 309 3059 adiungat,
323 2986 407 3043 nimis
418 2985 528 3056 rigidas
541 2985 612 3043 mihi
623 2984 759 3043 videntur
772 2983 895 3043 dictioni
904 2986 1036 3058 poeticae
1048 2986 1130 3057 leges
1143 2984 1279 3043 scribere.

159 3080 192 3139 Si
211 3084 311 3159 umen
330 3078 439 3150 aliquid
461 3078 577 3145 excidit,
598 3076 724 3136 nonfuit
739 3077 769 3134 id
783 3077 877 3149 alind}
891 3078 917 3135 si
930 3077 999 3149 quid
1013 3093 1068 3149 ego
1080 3077 1175 3147 video,
1195 3093 1279 3149 quam

160 3188 235 3230 unns
256 3188 370 3244 versus,
398 3170 434 3229 de
460 3187 516 3242 quo
540 3171 638 3229 nescio
658 3186 696 3228 an
715 3169 945 3240 aliquidindieii
963 3168 1052 3228 iaciat
1071 3172 1215 3243 scriptura
1234 3186 1280 3229 oo·

157 3266 230 3324 dicis
249 3266 324 3324 Mnt.
345 3267 395 3337 qui
414 3283 467 3338 pro
485 3261 524 3342 μή
544 3264 680 3321 πίπτοντα
700 3260 1039 3340 θκλνλλνθλνμαρραήοοντα.
1073 3263 1108 3321 Id
1127 3262 1279 3321 Bekkerus

157 3361 221 3417 iure
234 3359 403 3432 posthabuit
417 3358 561 3431 vulgatae,
582 3373 656 3428 quae
668 3358 758 3416 multo
772 3355 875 3416 fortier
889 3362 942 3416 est.
973 3356 1049 3428 Quid
1062 3372 1131 3415 vero
1145 3356 1170 3413 si
1183 3363 1280 3414 tamen

157 3469 228 3513 vera
249 3461 294 3512 est
314 3453 421 3513 codicis
442 3454 519 3511 illius
541 3453 695 3525 scriptura,
719 3451 875 3509 coniurata
890 3450 1005 3523 quidem
1026 3465 1090 3508 eum
1109 3449 1240 3520 nugata:

362 3558 403 3620 ὧν
423 3559 439 3619 ὃ
457 3559 512 3638 μὲν
531 3559 672 3638 ήμετέρής
691 3558 847 3637 δωμήσατο
865 3559 966 3638 τείχεα
984 3559 1102 3636 πάτρης,

361 3653 462 3731 τείχεα
481 3653 690 3728 μαρμαήοοντα,
714 3649 883 3710 Ποσειδάων
901 3648 951 3708 καλ
965 3648 1112 3724 Ἀπόλλων,

363 3745 464 3824 τείχεα
480 3743 519 3823 μή
539 3740 674 3803 πίπτοντα
704 3787 711 3802 .
752 3786 759 3801 .
847 3786 1093 3804 ......
1097 3766 1111 3799 c

160 3859 277 3932 Optime
298 3858 334 3916 de
354 3857 491 3916 hocloco
512 3857 651 3915 iudicavit
665 3856 829 3916 Schneider¹
843 3875 871 3930 pt
886 3865 957 3916 trs:
979 3856 1185 3916 ›eufissimum
1204 3860 1279 3914 esto

157 3970 202 4011 vv.
224 3959 280 4012 309
295 3983 323 3992 —
335 3959 390 4010 311
411 3951 593 4009 intercidisse
621 3950 668 4008 hic
688 3951 835 4024 Apollinis·
851 3966 957 4023 greges
975 3950 1115 4008 Troianos
1134 3948 1279 4021 pascentis

157 4047 333 4105 memoriam.
375 4044 427 4103 sed
446 4044 531 4117 plura
551 4045 639 4102 etiam
665 4044 887 4106 iutereidemnt.
915 4051 949 4102 ut
968 4044 1045 4102 enirn
1063 4059 1139 4101 nunc
1157 4059 1205 4100 res
1226 4047 1279 4109 est,
