2880 4606
646 306 878 370 -120-

196 492 324 551 Primnm
349 492 494 565 improbat
518 492 647 552 Beklxeri
675 493 830 554 lectionem
860 486 1058 560 νύξ-ὤπασεν
1083 490 1128 571 ηῶ
1152 491 1329 572 ἀρχομένην,

192 587 281 659 aquis
309 586 384 645 eninr
408 586 458 645 nbi
483 585 580 646 dicere
605 587 696 646 voluit
720 587 797 644 diem
818 586 1002 646 subsecutum
1029 602 1094 645 esse
1119 589 1249 660 noctem,
1276 593 1329 646 ant

196 679 270 738 dixit
291 694 424 751 umquam
445 683 496 736 ant
516 679 614 739 dicere
634 680 725 739 voluit
744 687 857 738 noctem
877 680 993 739 dedisse
1013 696 1176 740 auroram
1217 681 1328 740 Verum

197 774 272 832 enim
298 789 366 832 vero
392 788 449 831 non
475 773 567 832 volmt
591 773 688 832 dicere
715 774 792 832 diem
819 774 1003 833 subsecutum
1029 791 1094 833 esse
1119 780 1247 844 noctem,
1274 773 1328 834 sed

199 870 312 925 noctem
334 865 460 925 edidisse
479 866 622 926 Auroram
642 867 797 940 orientem,
824 867 877 926 sub
898 883 956 939 qua
975 868 1155 940 potissimum
1182 868 1328 927 somniare

196 957 272 1017 solet
300 958 454 1016 humanum
480 974 580 1029 genus.
625 958 739 1016 Deinde
762 958 922 1018 Hermanni
946 961 1142 1019 coniecturam
1166 957 1213 1038 ηοῖ
1236 959 1327 1038 ἀρχο-

193 1046 265 1130 μένη
285 1051 441 1124 vituperat,
461 1066 528 1109 nam
551 1052 634 1109 »huic
654 1067 768 1123 qnoque
789 1051 887 1110 obstat
907 1052 984 1123 quod
1004 1069 1061 1112 non
1080 1053 1117 1112 de
1131 1070 1188 1111 una
1202 1053 1325 1134 Helena,

196 1145 248 1204 sed
264 1145 301 1203 de
314 1145 445 1204 omnibus
459 1144 621 1204 hominibus
637 1144 788 1203 Oollnthus
802 1144 957 1216 loquitur«
989 1146 1061 1204 Tum
1076 1148 1186 1219 pergit:
1204 1147 1326 1219 »ltaque

196 1239 408 1313 desperandum
430 1239 657 1297 existimaremus
681 1238 717 1297 de
737 1239 875 1298 hocloco
897 1255 970 1311 esse,
990 1240 1047 1297 nisi
1067 1239 1159 1299 codex
1178 1239 1326 1298 Mutinen-

196 1333 245 1406 sis,
266 1339 299 1391 ut
317 1333 480 1392 Presselius
501 1331 610 1406 [falsoll
635 1338 732 1391 monet
752 1332 873 1391 haberet
892 1349 949 1391 non
970 1331 1132 1412 ἀρχομένην
1159 1333 1226 1404 [hoc
1247 1335 1326 1394 clare

195 1427 302 1500 legitur
321 1428 352 1486 in
373 1427 420 1502 Μ]
440 1428 492 1487 scd
512 1423 686 1504 ἐρχομένην,
714 1443 770 1498 quo
790 1427 832 1484 ita
851 1425 960 1483 utimur
984 1432 1018 1484 ut
1039 1426 1197 1486 scribamus
1219 1424 1270 1494 νύξ
1289 1459 1324 1470 -

196 1515 311 1578 ὤπασεν
330 1519 374 1598 ηἰῖν
394 1518 537 1600 ἐρχομένη
556 1522 575 1577 i.
597 1538 622 1578 e.
642 1536 709 1579 nox
733 1521 878 1578 veniens
900 1519 992 1579 diem
1013 1521 1146 1592 abegit.
1187 1521 1236 1580 ubi
1256 1518 1326 1577 ὀπά-

196 1613 253 1680 ζειν
274 1615 381 1673 dictum
405 1623 438 1673 ut
462 1617 491 1672 in
512 1615 595 1674 Honr.
615 1613 648 1671 Il.
672 1621 703 1683 8,
725 1621 778 1673 341
806 1611 846 1678 ὡς
863 1609 978 1690 Ἕκτωρ
1003 1608 1100 1680 ὤπαζε
1121 1611 1327 1692 καρηκομόων-

196 1725 250 1772 τας
266 1702 393 1784 Ἀχαιούς
415 1740 464 1776 -,
490 1704 551 1784 ἠώς
576 1712 672 1764 autem
697 1712 812 1765 constat
837 1723 925 1780 saepe
951 1709 1058 1780 opponi
1083 1709 1161 1766 nocti
1187 1713 1218 1766 et
1246 1707 1325 1766 diem

196 1798 385 1872 significare«
438 1802 519 1872 Quae
554 1801 649 1858 omnia
677 1801 758 1859 nihili
788 1805 867 1872 sunt;
904 1801 1073 1874 saepissime
1106 1802 1180 1860 enim
1210 1797 1326 1868 ὀπάζειν

196 1893 335 1953 vocabulo
360 1911 428 1953 usus
458 1899 504 1953 est
530 1894 694 1966 colluthus,
724 1911 864 1966 nusquam
895 1900 991 1952 tamen
1018 1895 1075 1952 alio
1101 1910 1186 1966 quam
1212 1893 1325 1953 dandi

195 2003 295 2057 sensu,
318 1993 349 2046 et
369 1987 529 2066 ἀρχομένην
550 1995 651 2047 contra
675 1987 844 2047 Schneideri
864 1993 893 2046 et
913 1988 1025 2059 aliquot
1045 1988 1225 2047 deteriorum
1246 1987 1327 2048 codi-

195 2096 259 2139 cum
285 2083 457 2155 scripturam
483 2079 625 2159 ἐρχομένη
650 2083 737 2140 etiam
757 2081 852 2140 Nonni
877 2082 1324 2155 auctoritatelDion.34,100

197 2171 363 2253 ἀρχομένης
383 2176 460 2252 φάος
479 2174 559 2254 ἠοῦς)
578 2177 650 2234 satis
670 2192 815 2249 superque
829 2172 1002 2232 detenditur.
1027 2208 1059 2216 -
1081 2175 1223 2234 Tonrnier
1241 2192 1270 2248 p.
1285 2176 1323 2234 el

194 2266 356 2346 παρηχομον
377 2275 408 2328 et
421 2266 564 2348 ἐρχομένη
579 2287 615 2329 ex
629 2270 798 2330 Schneideri
817 2271 982 2329 coniectura
1001 2270 1121 2342 recepit,
1141 2272 1203 2326 tum
1216 2262 1323 2346 ἤλασεν

193 2378 246 2434 pro
268 2356 382 2420 ὤπασεν
399 2365 515 2436 scripsit
529 2365 663 2424 Nonnnm
684 2370 800 2422 secutus
815 2363 899 2422 Dion.
914 2363 1023 2422 XXXV
1044 2370 1099 2422 242
1120 2359 1212 2420 νύκτα
1228 2359 1320 2439 φαέο-

193 2475 287 2533 φομος
306 2449 409 2532 ἤλασεν
429 2451 528 2532 Ἑρμῆς
546 2463 633 2529 atque
648 2455 723 2514 infra
736 2454 786 2532 την
799 2453 831 2512 d'
851 2453 1106 2533 ἐλεφαντινέην
1126 2455 1235 2513 κενεῶν
1250 2453 1321 2533 ἀφέ-

196 2567 292 2625 τειμον
306 2548 425 2627 ὄνειρον
439 2551 622 2609 scribendum
637 2567 700 2609 csse
721 2551 851 2610 coniecit.
881 2550 928 2609 Ad
941 2552 1093 2608 veritatem
1106 2550 1226 2623 propius
1241 2565 1322 2608 acce·

194 2642 266 2701 dens
286 2642 358 2702 haec
372 2644 476 2702 Harles
497 2644 534 2702 ad
554 2643 580 2701 h.
595 2645 628 2702 l.:
652 2644 750 2702 »Haec
770 2651 866 2703 autem
882 2645 984 2702 somnii
998 2643 1157 2716 descriptio
1173 2643 1220 2700 vel
1235 2643 1321 2716 plane

194 2735 319 2806 inaniter
339 2739 385 2797 vel
404 2739 501 2810 iniquo
525 2739 587 2797 loco
613 2739 709 2810 posita
734 2754 798 2796 esse
820 2737 948 2810 videtur,
976 2743 1006 2796 et
1022 2736 1078 2795 nisi
1103 2753 1157 2810 per
1175 2737 1321 2796 inscitiam

194 2837 299 2905 poetae
320 2831 374 2891 hoc
395 2849 431 2890 ea
451 2833 514 2890 loco
534 2833 659 2890 inaniter
679 2830 757 2890 iacta
777 2832 824 2903 sit,
845 2838 913 2889 ante
933 2830 1087 2889 adventum
1102 2828 1225 2889 Paridos
1246 2847 1322 2891 oom-

194 2925 308 2986 modius
328 2943 346 2984 a
368 2925 489 2984 Colutho
510 2926 643 2984 collocati
662 2927 691 2983 hi
712 2942 811 2984 versus
830 2923 952 2996 fuerint3
978 2929 1010 2982 at
1028 2925 1208 2997 negligentia
1234 2925 1322 2985 libra·

194 3019 302 3077 riorum
322 3017 439 3090 fecerit,
460 3024 493 3076 nt
512 3019 568 3077 huc
588 3021 737 3092 translati,
759 3019 903 3090 iidemque
924 3019 1019 3076 mutili
1040 3018 1153 3077 omissis
1173 3019 1224 3091 qui
1244 3025 1324 3078 tran·

194 3113 282 3172 sitnm
302 3113 451 3172 efficerent
470 3112 644 3186 faciliorem,
671 3113 769 3173 sedem
790 3118 967 3186 occuparent
986 3114 1140 3184 iniquam«
1182 3113 1223 3171 Et
1243 3129 1321 3187 sane,

194 3207 219 3266 si
239 3223 285 3265 me
305 3208 398 3279 audis,
419 3207 547 3267 dubitari
567 3209 680 3267 omnino
701 3209 802 3279 nequit
822 3207 939 3266 aliunde
956 3208 1011 3266 hoc
1032 3223 1132 3265 versus
1154 3206 1321 3280 desumptos

194 3317 268 3360 esse.
314 3301 442 3360 Offendit
464 3303 539 3360 enim
565 3303 596 3360 in
621 3303 738 3374 vulgato
763 3317 898 3360 versuum
922 3300 1037 3369 ordine,
1064 3300 1141 3372 qnod
1167 3306 1321 3373 postquam

195 3395 310 3454 dixerat
328 3397 453 3454 Helena:
476 3395 570 3469 Cape
589 3413 642 3454 me
661 3403 696 3455 et
713 3396 852 3456 Troiam
871 3400 986 3453 tecum
1007 3395 1132 3465 avehe,
1152 3409 1188 3452 ne
1202 3393 1322 3453 verbum

196 3488 312 3561 quidem
327 3490 457 3548 additum
471 3495 524 3563 est,
540 3489 608 3563 qnid
623 3490 659 3548 dc
673 3490 779 3548 Paride
793 3489 860 3547 inde
874 3505 891 3546 a
904 3505 988 3547 mane
1001 3488 1117 3560 quando
1130 3504 1194 3546 cnm
1208 3489 1322 3548 Helena

195 3599 366 3656 congressus
392 3589 450 3656 est,
475 3601 528 3656 per
548 3591 639 3644 totum
664 3585 740 3643 diem
764 3582 873 3642 factum
893 3584 945 3655 sit,
970 3598 1065 3653 neque
1089 3581 1144 3640 hoc
1170 3581 1322 3641 offensioni

196 3693 259 3735 esse
279 3694 335 3737 non
355 3684 462 3751 potest,
482 3679 559 3750 quod
572 3678 643 3736 nihil
657 3678 769 3737 Helena
782 3678 818 3735 de
832 3675 1033 3750 postponenda
1047 3691 1139 3747 usqne
1153 3674 1191 3734 ad
1207 3681 1322 3736 noctem

194 3769 265 3843 luga
285 3773 435 3831 monuerit.
466 3772 642 3845 Transposui
662 3773 752 3843 igitur
764 3787 864 3829 versus
878 3770 934 3829 huc
953 3776 1021 3843 post
1038 3786 1064 3827 ν.
1079 3776 1145 3842 364,
1166 3768 1216 3828 ubi
1229 3769 1321 3828 multo

195 3866 308 3938 aptiore
328 3867 392 3925 loco
412 3867 499 3939 positi
521 3881 585 3924 esse
606 3865 748 3923 videntur.
788 3864 869 3922 Dixit
890 3870 989 3922 autem
1008 3869 1109 3937 poeta:
1133 3863 1208 3921 »Per
1227 3868 1321 3921 totum

195 3959 270 4016 enim
291 3958 367 4017 diem
387 3965 508 4018 matrem
528 3959 692 4031 quaerendo
707 3957 784 4016 fessa
797 3958 952 4016 Hermione
968 3959 1219 4031 appropinquante
1234 3961 1321 4016 nocte

195 4051 259 4124 (cfr.
274 4069 300 4110 v.
315 4060 370 4112 345
386 4059 415 4111 et
429 4056 496 4124 359)
514 4052 632 4111 tandem
645 4052 828 4124 obdormivit,
849 4057 879 4111 et
892 4052 992 4111 labore
1006 4050 1186 4124 defatigatae
1200 4050 1320 4123 puellae
