2880 4606
600 368 823 470 -5-'

134 592 247 675 burgh,
278 590 427 673 anonymi
450 590 615 655 cuiusdam
644 590 729 656 docti
751 590 905 675 (Danielis
925 591 1064 672 Heinsii‚
1092 593 1142 658 vel
1170 592 1256 676 quod

134 702 212 767 mihi
235 701 436 786 probabilius
458 701 599 781 videtur,
629 701 777 771 Gulielmi
801 701 942 786 Canteri)
963 704 1127 784 Dorvillii‚
1149 703 1257 769 Ruhn-

133 813 219 878 kenii
248 818 281 876 et
306 812 405 896 ipsius
427 812 580 895 Lennepii
605 833 675 877 cum
690 808 886 879 'lectionibus
908 813 1181 898 neglegentissime
1203 835 1257 882 ex·

133 924 250 1006 carptis
272 943 329 988 sex
351 922 505 1003 codicum,
522 923 725 988 Ambrosiani
747 923 828 1002 dico,
851 923 1074 1004 Laurentiani‚
1098 924 1254 1005 Vossiani,

133 1033 337 1112 Reimariani‚
355 1033 491 1098 duorum
512 1032 738 1097 Parisinorum.
775 1032 975 1098 Difficiliores
995 1031 1134 1100 Oolluthi
1148 1033 1210 1101 loci
1223 1035 1256 1099 in

139 1144 496 1209 »Animadversionibus
513 1143 555 1208 ad
571 1143 769 1209 Colluthum‹
789 1143 920 1209 editioni
935 1144 1110 1210 subiunctis
1125 1145 1256 1212 tractati

133 1261 224 1338 sunt,
254 1255 310 1319 ubi
337 1256 433 1321 etiam
461 1256 501 1320 de
526 1253 698 1320 multorum
720 1255 855 1320 aliorum
877 1257 1067 1340 scriptorum
1088 1256 1166 1323 locis
1188 1276 1256 1324 con

134 1367 238 1449 ruptis
260 1367 360 1431 fusius
383 1367 498 1448 agitur.
542 1366 634 1432 Hanc
664 1367 835 1432 editionem
857 1368 936 1433 satis
957 1367 1076 1432 cultam
1099 1367 1156 1433 sed
1176 1367 1253 1433 Len·

136 1478 223 1560 depii
245 1476 478 1560 suspicionibus
501 1498 599 1560 saepe
621 1478 751 1543 minime
773 1478 959 1543 necessariis
983 1483 1016 1543 et
1029 1498 1255 1561 nonnunquam

132 1588 221 1652 falsis
243 1588 336 1652 nimis
363 1587 516 1653 refertam
545 1592 718 1673 antequam
745 1587 855 1654 recudi
882 1588 959 1655 fecit
984 1587 1022 1654 G.
1044 1587 1084 1654 H.
1105 1587 1256 1656 Schaefer

135 1697 233 1781 (Lips.
254 1699 365 1782 1825),
384 1693 521 1763 Bandini
540 1700 588 1764 ita
606 1699 638 1764 in
663 1721 755 1765 suum
774 1720 866 1765 usum
886 1700 1042 1765 convertit
1062 1698 1256 1783 (Florentiae

137 1811 233 1894 1765)
250 1815 287 1874 ut
301 1832 363 1876 non
379 1811 482 1875 solum
497 1815 620 1877 textum
635 1817 668 1876 et
682 1816 774 1877 notas
788 1831 898 1877 verum
913 1811 1010 1876 etiam
1024 1809 1255 1893 praefationem

132 1922 165 1985 in
189 1921 335 1986 Italicum
358 1943 483 1986 versam
512 1921 651 1987 auctoris
678 1922 804 1986 nomine
835 1943 875 1987 ne
908 1925 1156 1988 commemorato
1189 1921 1256 2006 qui·

133 2031 205 2097 dem
234 2033 393 2115 receperit
416 2037 449 2097 et
475 2032 554 2097 nihil
577 2032 637 2097 nisi
666 2031 811 2098 Italicam
840 2032 971 2098 Antonii
992 2031 1115 2098 Mariae
1137 2031 1256 2097 Salvini

134 2143 310 2208 versionem
341 2142 510 2207 addiderit.
560 2141 913 2225 Lennepii.versionem
940 2141 1086 2225 latinam!
1104 2147 1136 2208 61
1164 2146 1256 2209 notos

134 2272 359 2334 nonnunquam
393 2252 527 2318 feliciter
560 2253 699 2317 correxit
730 2249 897 2335 Philippus
927 2251 1014 2333 Scio,
1049 2252 1106 2336 qui
1132 2251 1257 2318 Matriti

135 2384 220 2430 anno
244 2365 327 2428 1770
355 2362 456 2429 edidit
479 2362 659 2429 Colluthum
688 2361 802 2429 addita
831 2383 957 2447 quoque
978 2363 1122 2430 versione
1143 2363 1257 2448 Hispa·

132 2477 204 2541 nica
232 2476 274 2542 ab
302 2477 426 2560 Ignatio
455 2477 573 2542 Gareia
598 2475 753 2543 confecta.
797 2475 885 2542 Nihil
911 2479 1019 2540 tamen
1042 2475 1083 2541 de
1104 2473 1258 2560 Lennepii

134 2587 273 2652 editione
301 2588 476 2653 innotuisse
503 2587 629 2652 videtur
650 2586 771 2670 Angelo
796 2586 963 2652 Theodoro
985 2584 1089 2653 Villae
1116 2586 1171 2670 qui
1192 2584 1257 2652 Me-

134 2698 254 2764 diolani
275 2719 359 2764 anno
383 2699 466 2764 1753
488 2698 532 2762 ad
554 2697 671 2762 codicis
693 2695 897 2763 Ambrosiani
918 2695 1016 2761 fidem
1038 2695 1140 2761 edidit
1155 2696 1258 2763 Collu-

133 2809 225 2875 thum
249 2809 369 2874 additis
390 2809 475 2873 notis
496 2808 540 2873 ad
560 2808 803 2891 grammaticam
825 2811 858 2873 et
879 2805 1109 2890 mythologiam
1131 2806 1258 2889 potissi·

132 2942 218 2985 mum
233 2918 477 3004 pertinentibus.
503 2919 623 2984 Contra
638 2921 726 2985 totus
738 2916 805 2983 fere
820 2939 859 2982 ex
871 2916 1034 3001 Lennepio
1044 2917 1165 3001 pendet
1175 2916 1257 2985 Har·

135 3029 231 3095 lesius
255 3030 499 3113 (Norimbergae
517 3032 608 3109 1776,
627 3032 703 3113 post
716 3028 940 3111 Aristophanis
955 3026 1098 3113 Plutum)
1120 3029 1175 3113 qui
1187 3026 1256 3112 plu·

134 3141 232 3204 rimas
247 3140 400 3223 Lennepii
422 3141 621 3206 coniecturas
642 3139 674 3203 in
696 3142 787 3205 textu
808 3138 948 3219 retinuit,
972 3145 1005 3207 61
1019 3160 1083 3220 eas,
1106 3160 1187 3225 quas
1207 3160 1257 3206 re-

134 3252 242 3335 cipere
263 3272 359 3316 ausus
373 3272 437 3316 non
451 3254 509 3331 est,
525 3251 557 3315 in
571 3251 655 3316 notis
669 3250 821 3317 laudavit.
836 3288 879 3300 -
893 3251 1037 3336 Denique
1050 3289 1093 3300 -
1107 3250 1257 3337 quoniam

133 3383 214 3448 quae
236 3360 413 3427 Immanuel
439 3361 472 3426 in
501 3359 855 3427 »Animadversionibus
887 3359 930 3426 ad
958 3360 1098 3428 Collutbi
1127 3380 1257 3429 carmen

131 3494 204 3539 oum
233 3474 407 3558 specimine
437 3471 590 3538 versionis
611 3472 832 3555 germanicae«
858 3471 1255 3556 (Hamburg.1809.159

131 3586 218 3670 pag.)
242 3586 286 3650 ad
301 3583 482 3652 Colluthum
498 3582 732 3649 emendandum
747 3581 919 3649 contulerit
932 3603 1036 3668 neque
1049 3582 1130 3649 mihi
1150 3602 1255 3667 neque
1336 3611 1338 3616 ·

54 3701 58 3706 ’
131 3695 266 3778 reliquis
280 3701 356 3760 ante
367 3715 418 3760 me
434 3693 608 3761 editoribus
619 3694 834 3770 innotuerunt,
849 3731 891 3742 -
905 3713 1021 3760 novam
1036 3693 1119 3758 viam
1133 3692 1255 3776 primus

131 3806 317 3888 ingressisse
344 3806 521 3873 credendus
549 3809 597 3872 est
623 3805 715 3870 Imm.
737 3803 863 3877 Bekker
892 3802 1009 3889 (Berol.
1039 3804 1146 3887 1816).
1194 3801 1255 3869 Hic

132 3916 216 3981 enim
239 3921 409 4000 praeterea
424 3916 511 4000 quod
526 3915 721 3982 deteriorum
743 3913 887 3981 codicum
900 3913 1052 3980 lectiones
1069 3935 1087 3980 6
1102 3912 1254 3998 Lennepii

132 4026 272 4093 editione
287 4025 562 4109 neglegentissime
577 4031 744 4110 excerptas
766 4029 799 4091 et
813 4023 931 4091 codicis
946 4023 1087 4091 Gothani
1101 4023 1253 4090 lectiones

132 4158 153 4203 a
167 4137 331 4205 Passovvio
347 4136 453 4222 primo
468 4136 626 4203 indicatas
640 4135 673 4200 in
689 4155 781 4203 suam
796 4132 969 4202 editionem
982 4134 1114 4219 recepit,
1129 4136 1254 4200 textum
