2880 4606
622 302 834 366 ...14-

165 555 415 651 tutatuta
437 555 533 651 ΤΟΥ
562 557 673 650 ΠΕΡΙ
696 538 800 650 ’ΤΗΣ
830 554 1025 648 ΕΛΕΝΙΙΣ
1054 555 1296 652 ΑΡΠΑΓΠΣ.

254 707 415 784 Πολοῦδος
425 707 632 794 Λυκοπολίτης
649 707 786 792 Θηβαῖος
802 706 955 786 ἐποποιός,
972 707 1108 789 γεγονὼς
1124 709 1201 770 κατὰ
1218 708 1298 772 Σού-

168 812 226 875 δαν
249 812 297 875 ἐπὶ
319 811 518 876 Ἀναστασίου
538 809 697 894 βασιλέως
713 813 775 872 τῶν
786 805 944 892 Ῥωμαίων
957 809 1040 892 μετὰ
1056 808 1191 895 Ζήνωνα
1206 810 1298 889 βασι-

167 914 337 988 λεύσαντος
361 915 421 997 πρὸ
443 912 611 976 Ἰουστίνου
636 914 689 974 τοῦ
713 910 801 974 θείου
823 908 1044 974 Ἰουστινιανοῦ
1068 913 1121 972 τοῦ
1146 913 1298 991 αὐτοκρά-

169 1037 274 1101 τορος,
299 1013 390 1090 οὗτος
413 1013 534 1099 ἔγραφε
554 1014 663 1099 μέτρῳ
680 1014 845 1099 διάφορα·
874 1013 1075 1076 Παλυδωνοιδι
1104 1012 1137 1077 έν
1164 1014 1299 1097 βιβλίοις

169 1118 217 1198 έξ,
243 1117 389 1202 Περσικά,
413 1117 518 1180 καὶτὸ
541 1118 642 1199 παρὸν
665 1116 780 1204 ποίημα
798 1113 920 1203 Ἑλένης
937 1113 1097 1203 Ἁρπαγην,
1122 1115 1138 1178 δ
1164 1116 1199 1180 ἐκ
1220 1118 1299 1182 Λευ·

169 1225 270 1284 κανῶν
294 1223 346 1283 νῦν
370 1217 539 1306 άνεσώδη.
563 1219 686 1304 Γράφει
702 1223 757 1307 την
780 1220 812 1283 έν
829 1222 875 1305 τῷ
891 1223 944 1282 τοῦ
960 1219 1091 1306 Πηλέως
1107 1219 1155 1281 καὶ
1172 1218 1297 1294 Θέτιδος

173 1323 263 1408 γάρῳ
292 1325 353 1385 τῶν
376 1318 462 1384 θεῶν
486 1324 679 1410 συναγωγήν,
703 1323 751 1385 καὶ
773 1319 838 1406 ἔριν
854 1324 926 1407 περὶ
942 1327 994 1386 τοῦ
1009 1323 1161 1396 κάλλους·
1185 1324 1298 1410 baudi)

169 1424 293 1506 λαβέτω
316 1424 350 1486 τὸ
371 1424 482 1511 μῆλον,
504 1425 552 1487 καὶ
575 1425 621 1488 δτι
644 1425 662 1486 ὁ
685 1425 767 1498 Ζεὺς
791 1423 929 1509 ἔπεμψεν
949 1423 1065 1514 Ἑρμῆν
1093 1427 1172 1510 πρὸς
1198 1426 1299 1510 Πάριν

169 1529 330 1610 κρινοῦντα
360 1526 413 1598 τὰς
442 1523 535 1605 dede,
571 1527 620 1589 καὶ
649 1526 794 1590 δώσοντα
823 1530 860 1612 τῇ
888 1528 1091 1616 εδειδεστέρᾳ
1127 1531 1161 1593 τὸ
1188 1530 1298 1616 μῆλον.

172 1627 301 1690 Πολλῶν
325 1627 361 1690 δέ
377 1627 477 1710 λόγων
500 1628 549 1691 καὶ
571 1627 771 1716 ὑποσχέσεων
799 1629 974 1712 γενομένων
998 1631 1014 1691 δ
1037 1630 1138 1715 Πάρις
1160 1631 1300 1693 δέδωκεν

172 1727 334 1816 Ἀφροδίτῃ
369 1731 403 1792 τδ
436 1731 535 1817 μῆλον
569 1730 618 1792 ἐπὶ
646 1730 813 1817 ὑποσχέσει
841 1730 950 1813 λαβεῖν
979 1734 1032 1818 τὴν
1054 1729 1188 1819 Ἑλένην·
1211 1733 1228 1794 δ
1252 1733 1300 1794 καὶ

173 1831 292 1914 γέγονε.
336 1830 478 1904 Πλεάσας
500 1832 560 1915 γὰρ
584 1832 627 1904 εἷς
649 1831 799 1920 Σπάρτην
822 1833 870 1895 καὶ
890 1834 945 1920 τὴν
964 1827 1089 1921 Ἑλένην
1111 1833 1300 1906 καταπείσας

175 1932 331 2020 ἀνήγαγεν
356 1934 400 2008 εἰς
424 1937 478 2022 τὴν
494 1929 589 1998 Ἴλιον
611 1935 838 1998 καταλιποῦσαν
865 1936 914 1998 καὶ
936 1935 1038 2017 ἄνδρα
1059 1939 1108 2000 καὶ
1130 1935 1300 2020 θυγατέρα,

170 2036 218 2099 καὶ
240 2037 335 2100 οἰκίαν
357 2040 406 2101 καλ
429 2040 528 2102 πάντα
552 2039 589 2100 τὰ
615 2038 681 2101 ἐκεῖ
701 2037 795 2123 ἔρωτι
818 2042 871 2102 τοῦ
894 2038 1078 2123 βαρβάρου.

259 2206 390 2272 Habent
411 2207 494 2272 hano
508 2208 607 2272 vitam
623 2205 783 2272 SPVW.
815 2208 954 2272 Titulum
977 2208 1052 2272 dedi
1075 2230 1115 2274 ex
1130 2208 1187 2283 W3
1210 2207 1301 2272 deest

172 2291 284 2355 titulus
315 2292 348 2355 in
372 2292 399 2354 V
425 2298 458 2356 et
485 2291 582 2355 etiam
612 2291 645 2354 in
674 2293 698 2356 P
727 2312 766 2354 ex
797 2312 861 2373 quo
890 2292 997 2356 Julien
1027 2293 1106 2357 falso
1138 2292 1299 2356 Πολούδου

169 2370 293 2460 Ἑλένης
322 2378 447 2459 ἁρπαγη
475 2375 594 2439 attulit.
639 2374 678 2438 In
700 2376 721 2437 S
744 2374 857 2439 titulus
885 2381 935 2439 est
965 2377 1113 2451 ὑπόδεσις
1144 2381 1197 2440 τοῦ
1231 2379 1300 2459 περὶ

172 2465 227 2547 τῆς
250 2464 394 2546 ἁρπαγῆς
418 2459 472 2546 τῆς
494 2455 627 2546 Ἑλένης,
665 2461 837 2525 Caeterum
858 2459 938 2524 haec
960 2461 1026 2524 vita
1048 2462 1162 2542 prioris
1186 2460 1300 2524 funda-

172 2551 317 2609 mentum
334 2564 404 2608 esse
422 2544 499 2607 mihi
515 2543 649 2609 videtur.
684 2544 788 2609 Aliam
802 2543 939 2609 Colluthi
956 2543 1181 2629 biographiam
1199 2545 1301 2609 eonti-

172 2650 248 2695 nere
261 2628 376 2694 dieitur
388 2628 456 2693 eod.
470 2628 571 2694 Palat.
586 2632 647 2694 914
659 2630 691 2693 in
703 2628 920 2695 Bibliothecae
933 2630 1108 2695 Vaticanus
1122 2629 1300 2712 Gatalogis3

169 2712 230 2778 'sed
258 2714 359 2780 codex
390 2715 451 2780 iste
484 2735 567 2779 saec.
590 2714 620 2778 X
647 2713 726 2778 nihil
753 2715 814 2779 nisi
848 2715 1006 2802 διηγήσεις
1040 2719 1093 2778 τοῦ
1127 2716 1202 2798 βίον
1237 2720 1299 2778 τῶν

173 2800 268 2882 ἁγίων
302 2799 446 2884 πατέρων
481 2799 610 2865 exhibet
641 2800 724 2864 inter
757 2821 837 2882 quas
864 2799 917 2864 fol.
943 2800 1171 2866 129b-135b
1201 2800 1301 2863 vitam

174 2884 307 2947 ῐωάννου
324 2888 378 2947 τοῦ
394 2884 601 2962 λυκοπολίτου,
626 2883 682 2966 qui
705 2883 780 2950 olim
800 2883 885 2949 fabri
900 2888 1002 2950 artem
1020 2905 1169 2950 exercens
1185 2889 1300 2969 postea

173 2967 270 3032 vitam
291 2967 324 3031 in
347 2967 572 3033 solitudinibus
595 2968 692 3052 degit.
