2880 4606
619 333 831 396 ...30-

158 518 220 579 fere
241 519 297 592 ipsi
318 520 430 579 auctori
455 519 531 579 hunc
557 536 684 579 errorem
705 519 905 593 imputandum
933 520 1134 581 crediderim«
1178 521 1289 582 Contra

159 630 244 686 quem
274 612 392 672 Bekker
413 613 483 670 »sed
503 612 574 670 nihil
596 614 777 685 mutandum,
804 614 828 672 si
849 614 964 686 quidem
984 633 1040 674 non
1063 617 1157 675 locum
1177 608 1289 678 indicat

158 709 303 781 particule
328 705 431 777 πόθεν,
458 706 511 765 sed
537 723 661 766 cansam.
697 707 738 766 Ut
764 707 842 778 apud
868 708 1002 766 Nonnum
1023 716 1070 781 23,
1088 712 1132 767 79.
1155 717 1201 782 24,
1220 719 1288 770 392.

160 808 297 874 3ο,152.
324 808 374 871 33,
396 801 461 859 397.
488 801 540 872 41,
561 801 633 858 373«
665 800 767 870 quibus
798 801 868 859 19919
895 802 1053 860 Schneider
1079 819 1108 876 p.
1129 810 1186 863 424
1213 807 1288 866 91199

160 895 273 952 addidit
293 901 321 962 2,
336 895 401 952 999.
424 895 450 965 9,
467 900 532 951 999.
553 900 579 964 9,
599 895 634 952 re
657 897 771 954 91999.
794 903 839 969 99,
858 898 893 954 99
915 903 945 955 et
967 904 1089 968 reasqu.
1113 905 1159 970 99,
1172 905 1218 956 99.
1240 901 1288 969 49,

159 995 223 1046 414.
246 995 292 1059 48,
309 990 364 1047 hoo
390 993 565 1059 91818999.
590 988 730 1061 Paraphr.
754 987 857 1048 99121.
885 992 953 1048 cor.
981 991 1120 1051 Pr0havit
1144 992 1290 1065 Lennepii

159 1085 354 1142 coniecturam
379 1082 451 1139 Phil.
474 1083 553 1154 Scio,
583 1083 757 1155 improbavit
781 1084 901 1155 Harles,
933 1085 982 1156 qni
1007 1085 1136 1144 Brodaei
1161 1088 1288 1159 expliea-

159 1179 266 1236 tionem
297 1180 441 1250 sequitur,
475 1183 505 1236 et
533 1177 635 1234 Iulien.
683 1177 749 1249 Ipse
781 1177 939 1235 Schneider
969 1177 1078 1237 codicis
1112 1179 1288 1240 Mutinensis

159 1272 330 1344 scripturam
350 1269 477 1350 ήνορέων
497 1271 693 1344 recipiendam
714 1271 796 1343 dixit,
821 1272 897 1344 quod
924 1272 1093 1332 vocabulum
1118 1274 1181 1331 9199
1203 1281 1289 1333 reeta

158 1360 357 1442 919911ήνωρ
382 1367 518 1438 (Hesych.
539 1363 589 1424 cfr.
611 1364 747 1441 ἀνόρεος,
773 1363 919 1443 ήνόρειος,
945 1363 1056 1443 ήνορέή,
1077 1365 1285 1444 ὑπερανόρεος,

158 1456 306 1536 ὑπερήνωρ
328 1466 357 1518 91
377 1456 583 1535 ὑπερήνορέων,
605 1457 719 1536 ἀγήνωρ
741 1466 770 1518 91
791 1457 967 1536 ἀγήνορέων)
994 1460 1147 1520 formatum
1169 1463 1229 1520 sive
1252 1479 1289 1520 ex

162 1551 327 1630 ἁγήνορέων
347 1555 393 1611 991
413 1550 611 1630 ὑπερήνορέων
631 1553 812 1610 decurtatum
840 1570 904 1611 esse
924 1555 1038 1626 9919911
1058 1571 1094 1613 ex
1113 1556 1225 1614 ratione
1248 1555 1286 1614 de

161 1663 218 1719 qua
240 1647 340 1706 docuit
360 1646 397 1704 ad
410 1647 547 1705 Nicandr.
569 1646 654 1703 Ther.
670 1652 735 1704 482.
767 1645 824 1704 Sed
846 1646 978 1717 equidem
999 1663 1092 1719 neque
1113 1665 1131 1707 a
1152 1648 1287 1708 Collutho

159 1757 233 1798 9999
258 1741 399 1799 vocabula
424 1741 592 1799 insolentius
622 1738 690 1798 ficta
714 1755 779 1798 esse
803 1741 951 1812 comperui
975 1757 1068 1812 neque
1094 1742 1219 1802 lectores
1242 1745 1286 1801 eis

161 1851 235 1906 quae
266 1834 424 1894 Schneider
447 1835 532 1892 nimis
559 1839 663 1905 arguta
693 1839 795 1893 contra
824 1835 971 1906 vulgatam
1005 1836 1159 1895 lectionem
1189 1836 1289 1894 attulit

159 1927 265 1986 offendi
292 1945 378 2000 99999
403 1928 522 1986 credidi.
555 1929 626 1986 Sunt
647 1932 743 1985 autem
763 1928 836 1986 haec
862 1931 902 2000 (p.
919 1934 984 1986 424.
1006 1933 1089 2000 425);
1118 1925 1172 1996 »ἐξ
1193 1925 1288 2005 ὀρέων

157 2021 267 2093 aliquid
286 2021 375 2080 habet
394 2020 573 2081 incommodi.
613 2021 688 2078 Nam
714 2036 801 2092 quum
826 2020 1012 2079 mirabundus
1037 2029 1126 2096 99919
1151 2029 1287 2094 quaerat,

159 2131 210 2172 our
235 2117 379 2174 insuetum
404 2115 460 2174 sibi
488 2132 568 2174 mare
592 2115 676 2173 Paris
706 2115 841 2187 petierit,
873 2116 936 2186 quis
961 2130 1018 2173 non
1041 2115 1110 2174 huic
1135 2121 1289 2190 exspectet

160 2210 266 2284 999991
286 2211 382 2285 991199
403 2216 512 2269 terram
536 2211 581 2268 vel
602 2211 795 2270 continentem
821 2225 906 2281 quam
931 2207 1061 2268 19991991
1085 2225 1152 2266 nam
1173 2209 1198 2267 si
1220 2210 1285 2280 quis

51 2322 56 2333 ‘
158 2305 310 2377 negaverit
339 2309 450 2364 montes
475 2304 522 2361 hic
547 2303 652 2376 opponi
682 2303 768 2373 mari,
796 2306 880 2376 99191
904 2302 947 2360 119
971 2306 1002 2360 91
1025 2302 1118 2362 911999
1150 2300 1285 2361 additum

158 2413 222 2456 9999
249 2394 286 2465 ἐξ
308 2394 414 2475 ὀρέων,
439 2413 493 2454 999
512 2397 641 2470 99191999
667 2396 817 2468 eleganter
838 2412 871 2455 99
894 2396 1097 2455 enuntiationis
1119 2397 1183 2455 1999
1203 2397 1285 2470 9991,

158 2490 208 2549 uhi
228 2491 318 2548 omnis
340 2491 369 2548 in
388 2492 461 2549 haec
486 2490 576 2548 verha
600 2491 642 2548 919
669 2488 755 2547 cadit.
796 2489 899 2562 Itaque
924 2495 1056 2548 9119919
1076 2489 1284 2550 1191919291

159 2580 225 2661 ἄρτι
242 2583 297 2660 μὲν
313 2581 423 2641 Ἰδαίων
443 2581 536 2660 ὀρέων
556 2581 698 2662 ἠλλάξατο
717 2579 829 2655 πόντον,
854 2583 1054 2643 1199991999
1074 2581 1214 2642 credibile
1237 2587 1284 2642 est

157 2684 274 2751 poetam
294 2680 469 2752 scripturum
488 2675 578 2736 fuisse
598 2672 635 2734 ἐκ
656 2677 736 2754 γαίης
755 2677 802 2736 991
822 2672 859 2734 ἐκ
875 2674 1016 2756 χέρσοοα.

233 2773 399 2832 Hermanno
419 2774 480 2846 91
503 2768 558 2839 »ἐξ
574 2768 666 2848 ὀρέων
688 2773 743 2830 9191
762 2787 816 2845 per
841 2788 873 2830 99
893 2788 950 2831 999
970 2777 1137 2845 suspectum
1158 2775 1212 2843 est,
1240 2775 1286 2828 ta·

156 2882 221 2925 men
247 2866 322 2925 adeo
346 2867 420 2924 mira
446 2869 491 2924 991
521 2866 665 2938 scriptura
694 2861 1014 2942 9911.Μ91.ήνορέων,
1045 2866 1285 2938 91999199919

157 2961 221 3032 quis
234 2962 327 3034 possit
340 2960 492 3032 coniicere,
513 2957 687 3024 κελάδοντος
708 2954 903 3035 ἀπορνύμενος
921 2959 1060 3031 ποταμοῖο
1074 2954 1184 3035 ήϊόνων.
1216 2958 1285 3017 Fal·

156 3054 227 3114 litur
253 3054 327 3112 enim
353 3053 544 3112 Buttmannus
569 3053 598 3109 in
618 3052 749 3124 Lexilog.
770 3050 868 3111 991.Π
893 3057 974 3124 922
999 3047 1096 3127 ἠϊόνας
1116 3049 1211 3110 fluviis
1232 3051 1284 3110 tri-

36 3168 48 3189 9
154 3146 336 3219 bninegans:
356 3146 728 3219 cohonoraremus«
750 3142 1278 3224 ἐξόρέω9999199911991199119.-

153 3239 242 3298 ποθεν
252 3239 339 3317 ήλθεν
349 3239 396 3313 Μ;
416 3235 514 3317 doddo
528 3256 563 3300 ex
573 3235 671 3318 ἀήθεα
680 3239 713 3298 Μ
724 3248 760 3314 2.,
776 3235 1004 3317 9191999Δῦ11Ρὸ
1016 3243 1052 3296 19
1065 3240 1172 3312 Harl,
1188 3236 1284 3318 ἀήθεα

155 3336 179 3409 Q
191 3335 277 3412 [LW]
290 3336 471 3395 91919199119
482 3335 692 3396 corr.Bekker.
719 3335 873 3396 »Ceterum
883 3351 919 3394 ne
931 3335 994 3407 quis
1004 3351 1057 3409 pro
1069 3330 1195 3394 ἐλαύνων
1206 3334 1283 3393 1919-

60 3445 62 3450 ’
154 3446 217 3488 rum
227 3428 391 3503 ponendum
401 3427 491 3488 fuisse
500 3434 594 3503 99191,
605 3428 735 3490 conferat
744 3429 863 3490 Isocrat.
874 3429 966 3502 nvag.
979 3435 1025 3503 14,
1039 3424 1129 3508 ἦλθον
1140 3425 1282 3486 ἱκετεύον-

153 3542 211 3598 τες,
227 3522 303 3580 Ρ191.
317 3521 427 3582 Phaed.
442 3540 471 3596 p.
487 3529 542 3583 116
558 3518 680 3602 Οήλθον
695 3519 840 3600 ἀγγέλλων
854 3527 927 3582 etc«
950 3523 1108 3583 Schneider
1121 3540 1150 3596 9.
1164 3529 1231 3582 425.
1244 3555 1282 3566 -

153 3671 217 3729 91
245 3665 405 3746 ἀγνώσσων
436 3685 472 3727 ex
500 3669 660 3745 αγνωσσῶν
684 3670 718 3729 Μ
737 3678 763 3729 2.
790 3670 824 3728 τί
846 3618 931 3729 δέιΜ
952 3673 1037 3742 (corr.
1059 3670 1093 3729 M
1111 3674 1161 3741 2.),
1190 3669 1221 3727 τί
1236 3667 1283 3726 δαὶ

153 3763 403 3824 AGLNPSVW
422 3762 591 3837 Bekk.1ul.,
605 3763 637 3822 τί
651 3761 683 3821 δ’
702 3761 738 3822 ἂν
757 3766 791 3838 u,
811 3764 844 3822 τί
858 3761 892 3823 δὲ
913 3766 937 3839 Q
959 3764 1025 3826 edd.
1047 3771 1115 3824 ante
1135 3763 1228 3824 Bekk.
1250 3769 1281 3822 et

155 3857 264 3930 Lehrs,
290 3862 320 3917 et
339 3857 447 3918 diserte
474 3857 609 3933 probavit
633 3860 692 3917 iam
718 3864 786 3918 9919
811 3859 1008 3920 Hermannum
1034 3863 1076 3934 (p.
1091 3865 1132 3933 8.)
1159 3860 1281 3933 Lennep

153 3950 198 4009 his
219 3949 314 4010 verbis
342 3951 422 4012 »cod
444 3951 527 4012 Voss,
546 3952 620 4025 neg.
635 3952 671 4011 A.
692 3957 722 4011 91
741 3951 840 4012 Ambr.
862 3952 894 4010 τί
908 3951 964 4010 aar.
989 3953 1079 4027 quod,
1107 3954 1133 4012 si
1158 3953 1281 4012 interro·

156 4046 262 4120 getiae,
283 4046 365 4105 9119
385 4048 528 4107 nonnullis
550 4046 616 4106 edd.
636 4047 716 4108 19999
736 4048 877 4123 capiatur,
897 4049 1005 4109 rectius
1020 4054 1050 4108 91
1069 4043 1280 4119 ἀττικώτατον,
