2880 4606
610 319 823 382 ..52-

153 505 359 567 Schneiderum
385 511 503 566 secutus
528 522 604 578 sum,
628 505 684 563 nisi
709 503 785 576 quod
810 520 884 564 cum
901 502 1027 562 Lehmio
1054 498 1108 559 οὐκ
1133 517 1187 575 pro
1214 497 1284 558 οὐδ’

153 633 346 707 praetuli-
308 632 409 691 -94
429 631 528 689 ἀλλατλ
553 630 687 708 δειμαινω
707 630 753 702 Μ;
775 629 836 688 ἀντι
856 630 960 701 M·—
980 627 1020 686 95
1041 627 1123 686 θοὸσ
1140 630 1174 688 Μ
1195 633 1282 702 (corr.

153 726 187 783 M
202 732 231 798 2)
252 720 392 803 έχτοςΜ.
411 731 496 797 (corr.
509 726 543 784 M
559 728 602 797 1);
623 721 728 800 δεσμὸν
742 720 862 802 ἐρώτων
882 721 948 782 add.
968 721 1063 781 Μ3
1055 740 1085 780 m
1104 723 1196 780 M.—
1211 723 1289 783 Post

154 820 231 879 hunc
250 837 364 880 versum
377 821 496 894 Lennep
517 819 657 878 excidisse
678 817 819 889 quaedam
838 817 1000 888 suspicatus
1017 821 1070 889 est,
1097 817 1197 875 »euius
1218 817 1283 875 loeo

154 919 290 972 cestum
314 914 423 974 habere
450 919 479 972 et
504 913 627 972 stimulis
652 912 757 970 amoris
782 927 813 968 se
845 910 974 967 homines
1005 911 1119 982 agitare
1148 908 1284 967 adfirmat

153 1006 260 1065 Venus.
302 1007 346 1067 Eo
371 1025 423 1067 nos
443 1008 549 1066 ducere
569 1007 684 1064 videtur
703 1005 846 1078 particula
863 1001 917 1080 μὲν
942 1021 1027 1063 versu
1050 1012 1096 1076 92,
1124 1019 1209 1074 quam
1234 1003 1284 1060 hic

153 1100 282 1173 omnino,
304 1105 337 1159 ut
356 1102 466 1174 opinor,
486 1102 617 1160 comitari
637 1100 725 1158 debet
745 1097 786 1155 δέ.
818 1098 900 1170 Quod
922 1099 1077 1171 sincrum,
1099 1098 1146 1155 vix
1166 1098 1281 1170 dubito,

154 1193 223 1264 quin
242 1193 326 1251 simul
347 1194 386 1252 sit
398 1193 551 1265 legendum
562 1191 722 1270 μελίφρονα
739 1189 848 1268 θεσμὸν
862 1188 982 1269 ἐρώτων
997 1209 1083 1251 versu
1097 1200 1143 1251 93.
1172 1192 1214 1250 Ut
1228 1209 1283 1250 au-

153 1291 211 1344 tem
235 1287 326 1346 robur
351 1287 473 1347 accedat
498 1288 680 1346 coniecturae
705 1286 908 1359 praecedenti,
939 1286 1045 1344 addam
1070 1287 1164 1345 locum
1191 1287 1280 1359 plano

153 1380 296 1452 geminum
320 1397 355 1440 ex
376 1388 475 1441 nostro
496 1386 583 1454 poeta
603 1398 628 1437 v.
645 1388 698 1439 161

358 1507 420 1565 ἀντὶ
437 1505 491 1583 μὲν
511 1504 632 1586 ἠνορέης
651 1503 756 1584 ἐρατὴν
776 1505 943 1582 παράκοιτιν
963 1504 1085 1564 ὀπάσσω

362 1599 423 1659 ἀντὶ
443 1599 477 1658 δὲ
497 1599 642 1698 κοιρανίης
655 1598 770 1677 Ἑλένης
789 1597 924 1678 έπιβησεο
947 1599 1103 1678 λέκτρων.ι

153 1730 296 1802 Leunepii
325 1729 434 1807 θεσμόν
460 1729 593 1803 probavit
613 1730 760 1788 Hermann
786 1747 815 1804 p
836 1737 886 1800 13,
914 1730 961 1789 cui
988 1731 1075 1788 etiam
1101 1729 1138 1788 de
1158 1731 1281 1789 lacunae

154 1824 318 1933 suspicione
338 1825 486 1897 persuasit
507 1823 637 1897 Lanuep,
660 1824 848 1896 »praesertim
868 1823 1001 1882 Nonnum
1014 1823 1125 1882 XXXV
1148 1831 1202 1883 168
1217 1840 1282 1884 eom

152 1920 283 1994 paranti:

717 2011 878 2088 ἀπτόλεμος
900 2010 954 2089 γὰρ

308 2103 415 2184 Κύπρις
435 2104 578 2184 ιζσιστεύει
597 2105 682 2164 πλέον
694 2101 802 2182 Ἄρεος,
823 2101 892 2162 οὐδὲ
909 2103 1022 2181 χατιζει

306 2199 436 2274 donadac,
457 2198 490 2258 οὐ
507 2200 607 2278 μελίης
626 2198 696 2258 ποτὲ
716 2196 843 2256 δεύεται·
865 2197 1031 2275 ἀμφότερον
1053 2195 1117 2274 γάρ,

306 2288 399 2371 ἔγχος
418 2291 487 2369 ἐμὸν
506 2292 574 2350 πέλε
595 2292 710 2364 κάλλος,
730 2288 799 2368 ἐμὸν
819 2291 903 2369 ξίφος
923 2286 1024 2349 ἔπλετο
1042 2288 1152 2368 μορφή,

307 2385 357 2444 καὶ
374 2384 532 2463 βλεφάρων
553 2385 669 2459 ἀκτῖνες
689 2383 753 2461 ἐμοὶ
773 2383 907 2463 γεγάασιν
928 2382 1032 2442 ὀϊστοί·

303 2476 399 2553 μάζας
419 2477 561 2546 ἀκοντιζει
580 2477 665 2537 πλέον
685 2474 816 2557 &macac

154 2606 274 2685 θεσμόν,
295 2612 372 2681 qnod
391 2612 478 2671 etiam
491 2612 584 2671 Lehrs
602 2613 725 2685 recepit,
743 2611 890 2670 ‚Iulianum
909 2615 1024 2668 secutus
1044 2609 1143 2682 reieci,
1162 2610 1233 2669 licet
1253 2616 1285 2669 et

155 2702 235 2775 apud
249 2701 401 2764 Musaeum
422 2709 459 2778 (v.
477 2708 543 2774 147)
565 2712 595 2765 et
612 2706 689 2779 apud
702 2707 834 2764 Nounum
855 2707 901 2777 4⁷,
923 2707 978 2764 270
996 2703 1157 2781 μελίφρονα
1171 2700 1283 2778 θεσμὸν

154 2790 276 2873 ἐρώτων
297 2796 360 2867 (eir.
380 2799 466 2858 Dion.
488 2806 514 2871 5,
531 2807 575 2858 96.
598 2807 643 2872 16,
658 2804 726 2871 242)
748 2800 877 2871 legatum
898 2798 975 2871 apud
989 2798 1042 2856 hos
1057 2803 1191 2857 auctores
1206 2799 1283 2855 enim

155 2892 262 2950 amoris
282 2893 421 2964 mysteria
440 2891 583 2964 significat
607 2890 719 2969 θεσμὸς
738 2888 874 2969 ἐρώτων,
901 2899 930 2950 et
955 2909 1109 2964 numquam
1134 2908 1187 2964 pro
1209 2896 1283 2962 cesti

157 2985 341 3056 appositione
366 2995 535 3061 usurpatur,
561 2987 637 3059 quod
659 2993 689 3045 et
712 2987 767 3046 hoc
788 2986 914 3046 Goliuthi
937 2987 1001 3046 loco
1029 2993 1059 3044 et
1084 2985 1160 3043 iufra
1183 3003 1209 3043 v.
1227 2988 1282 3042 157

154 3074 267 3136 factum
288 3085 374 3139 assat.
395 3112 432 3122 —
453 3079 494 3139 96
520 3081 601 3154 prius
632 3078 681 3136 καλ
710 3097 765 3140 om.
788 3079 818 3139 Ο.
840 3068 975 3139 Graviter
1000 3080 1097 3138 iudice
1117 3080 1284 3137 Hermanno

156 3175 197 3246 (p.
213 3176 263 3245 14)
286 3181 438 3248 corruptus
460 3182 505 3233 est
517 3174 565 3233 hie
577 3191 677 3233 versus
699 3175 746 3231 »in
766 3191 821 3246 quo
842 3175 868 3232 si
888 3171 950 3230 ἀντὶ
968 3171 1073 3252 αἰχμῆς
1093 3169 1198 3229 κεστὸν
1218 3164 1284 3247 ἔχω

154 3266 358 3341 coniungenda
384 3276 464 3342 sunt,
491 3270 554 3341 quis
580 3284 637 3328 non
662 3268 742 3327 m'det
767 3269 866 3342 inepte
891 3267 979 3325 adiici
1006 3264 1054 3323 καλ
1076 3261 1195 3341 κέντρον
1218 3257 1283 3342 ἔχω

155 3358 204 3416 καὶ
223 3358 308 3430 τάξον
334 3360 444 3438 ἀείρωὲ
469 3362 512 3420 sin
538 3361 645 3420 excidit
670 3361 778 3434 aliquid
803 3365 871 3419 ante
897 3357 1002 3417 κεστὸν
1030 3355 1110 3437 ἔχω,
1141 3359 1204 3430 quis
1225 3347 1294 3419 non'

154 3455 251 3526 potius
278 3455 332 3513 teli
358 3470 462 3527 genus,
488 3454 574 3511 utin
599 3456 714 3527 reliqua
738 3459 823 3528 parte
854 3469 968 3526 versus,
1000 3453 1282 3512 commemorandum

155 3542 244 3604 fuisse
262 3547 430 3621 intelligat?
458 3547 498 3605 Et
518 3552 624 3619 tamen,
644 3548 701 3606 nisi
720 3547 820 3621 fallor,
840 3548 936 3607 omnia
956 3548 1069 3605 sincera
1089 3552 1173 3617 sunt,
1194 3545 1282 3606 modo

152 3646 235 3698 recte
254 3640 510 3713 interpungautur:
717 3639 779 3699 ἀντὶ
796 3639 850 3717 μὲν
870 3641 984 3720 αἰχμῆς,

310 3729 353 3799 ὡς
372 3731 443 3791 θοὸν
464 3727 554 3812 ἔγχος
574 3730 685 3813 ἔχουσα
701 3733 861 3812 μελίφρονα
882 3731 990 3811 θεσμὸν
1010 3729 1140 3810 ἐρώτων,

308 3824 411 3885 κεστὸν
432 3820 510 3906 ἔχω·
532 3826 580 3885 καὶ
602 3827 720 3906 κέντρον
741 3824 804 3904 ἄγω
824 3826 873 3884 καὶ
893 3825 976 3896 τάξον
997 3825 1087 3904 ἀείσω

310 3918 423 3979 κεστόν.

155 4047 213 4110 Pto
222 4050 354 4124 cuspide,
374 4052 479 4125 inquit,
498 4054 652 4127 cingulum
672 4052 776 4112 hastae
788 4053 880 4114 instar
893 4052 1014 4115 foedera
1030 4055 1136 4113 amoris
1161 4053 1284 4124 habens,
